% Encoding: windows-1252

@BOOK{Alifanov1994,
  title = {Inverse heat transfer problems},
  publisher = {Springer-Verlag, New York},
  year = {1994},
  author = {O. M. Alifanov},
  owner = {Kenji},
  timestamp = {2014.07.25}
}

@CONFERENCE{Al-Qaisi2008,
  author = {A. Al-Qaisi and W. L. Woo and S. S. Dlay},
  title = {Sparsity exploitation of mixing matrix and reflectivity sequence
	for {ICA}-blind seismic deconvolution},
  booktitle = {Proceedings of the 2008 ICTTA},
  year = {2008},
  file = {:2008-Sparsity exploration of mixing matrix and reflectivity sequence for ICA blind seismic deconvolution.pdf:PDF},
  owner = {Kenji},
  timestamp = {2014.07.08}
}

@BOOK{Ambartsumian1998,
  title = {A life in astrophysics: selected papers of {V}iktor {A.} {A}mbartsumian},
  publisher = {Allerton Press},
  year = {1998},
  editor = {R. V. Ambartzumian},
  author = {V. A. Ambartsumian},
  owner = {Kenji},
  timestamp = {2014.07.25}
}

@Conference{Andersen2015,
  author =    {K. T. Andersen and T. van Waterchoot and M. Moonen},
  title =     {Adaptive linear prediction filters based on maximum a posteriori estimation},
  booktitle = {Proceedings of the 2015 EUSIPCO},
  year =      {2015}
}

@INCOLLECTION{Anemuller2007,
  author = {Anemuller, J.},
  title = {Maximization of component disjointness: a criterion for blind source
	separation},
  booktitle = {Independent Component Analysis},
  publisher = {Springer Berlin Heidelberg},
  year = {2007},
  owner = {Kenji},
  timestamp = {2015.09.28}
}

@ARTICLE{Attux2007a,
  author = {R. Attux and A. Neves and L. T. Duarte and R. Suyama and C. Junqueira
	and L. Rangel and T. M. Dias and J. M. T. Romano},
  title = {On the relationships between blind equalization and blind source
	separation - part I: foundations},
  journal = {Journal of Communications and Information Systems},
  year = {2007},
  volume = {22},
  pages = {41-52},
  owner = {Kenji},
  timestamp = {2015.03.17}
}

@ARTICLE{Attux2007b,
  author = {R. Attux and A. Neves and L. T. Duarte and R. Suyama and C. Junqueira
	and L. Rangel and T. M. Dias and J. M. T. Romano},
  title = {On the relationships between blind equalization and blind source
	separation - part II: relationships},
  journal = {Journal of Communications and Information Systems},
  year = {2007},
  volume = {22},
  pages = {53-61},
  owner = {Kenji},
  timestamp = {2015.03.17}
}

@INBOOK{Attux2015,
  chapter = {Bio-inspired and information-theoretic signal processing},
  title = {Signal and images: advances and results in speech, estimation, compression,
	recognition, filtering and processing},
  publisher = {CRC Press},
  year = {2015},
  editor = {Coelho, R.F. and Nascimento, V.H. and Queiroz, R.L. and Romano, J.M.T.
	and Cavalcante, C.C.},
  author = {Attux, R. and Boccato, L. and Fantinato, D.G. and Montalvao, J. and
	Neves, A. and Suyama, R.; Nose-Filho, K. and Silva, D.G.},
  owner = {Kenji},
  timestamp = {2015.06.30}
}

@ARTICLE{Babaie-Zadeh2006,
  author = {M. Babaie-Zadeh and C. Jutten and A. Mansour},
  title = {Sparse {ICA} via cluster-wise {PCA}},
  journal = {Neurocomputing},
  year = {2006},
  volume = {69},
  pages = {1458-1466},
  file = {:2006-Sparse ICA via cluster-wise PCA.pdf:PDF},
  owner = {Kenji},
  timestamp = {2014.05.28}
}

@ARTICLE{Barros2015,
  author = {T. Barros and R. Lopes and M. Tygel},
  title = {Implementation aspects of eigendecomposition-based high-resolution
	velocity spectra},
  journal = {Geophysical Prospecting},
  year = {2015},
  volume = {63},
  pages = {99-115},
  owner = {Kenji},
  timestamp = {2015.04.22}
}

@Article{Batany2016,
  author =  {Y-M. Batany and L. T. Duarte and D. Donno and J. M. T. Romano and H. Chaurris},
  title =   {Adaptive multiple subtraction: Unification and comparison of matching filters based on the lq-norm and statistical independence},
  journal = {Geophysics},
  year =    {2016},
  volume =  {81},
  number =  {1}
}

@ARTICLE{Bayless1970,
  author = {J. W. Bayless and E. O. Brigham},
  title = {Application of the {Kalman} filter to continuous signal restoration},
  journal = {Geophysics},
  year = {1970},
  volume = {35},
  pages = {2-23},
  file = {:1970-Application of the Kalman filter to continuous signal restoration.pdf:PDF},
  owner = {Kenji},
  timestamp = {2014.07.25}
}

@ARTICLE{Bednar1986,
  author = {Bednar, J. and Yarlagadda, R. and Watt, T.},
  title = {$L_1$ deconvolution and its application to seismic signal processing},
  journal = {IEEE Transactions on Acoustics, Speech and Signal Processing},
  year = {1986},
  volume = {34},
  pages = {1655-1658},
  number = {6},
  doi = {10.1109/TASSP.1986.1165004},
  file = {:1986-L1 deconvolution and its application to seismic signal processing.pdf:PDF},
  issn = {0096-3518},
  keywords = {Deconvolution;Filters;Fourier series;Frequency;Iterative algorithms;Log
	periodic antennas;Recursive estimation;Sampling methods;Signal processing
	algorithms;Smoothing methods}
}

@CONFERENCE{Bekara2006,
  author = {M. Bekara and M. Van der Baan},
  title = {Local {SVD/ICA} for signal enhancement of pre-stack seismic data},
  booktitle = {Proceedings of the 2006 EAGE},
  year = {2006},
  owner = {Kenji},
  timestamp = {2015.04.08}
}

@Book{Bellanger1988,
  title =     {Adaptive Filters and Signal Analysis},
  publisher = {Dekker},
  year =      {1988},
  author =    {M. Bellanger}
}

@ARTICLE{Benveniste1980,
  author = {Benveniste, A. and Goursat, M. and Ruget, G.},
  title = {Robust identification of a nonminimum phase system: blind adjustment
	of a linear equalizer in data communications},
  journal = {IEEE Transactions on Automatic Control},
  year = {1980},
  volume = {25},
  pages = {385-399},
  number = {3},
  doi = {10.1109/TAC.1980.1102343},
  file = {:1980-Robust identification of a nonminimum phase system.pdf:PDF},
  issn = {0018-9286},
  keywords = {Equalizers;Linear systems, time-invariant discrete-time;System identification;Communication
	system control;Control systems;Data communication;Equalizers;Gaussian
	noise;Least squares methods;Noise robustness;Phase noise;Statistical
	distributions;White noise}
}

@ARTICLE{Berkhout1977,
  author = {Berkhout, A.},
  title = {Least-squares inverse filtering and wavelet deconvolution},
  journal = {Geophysics},
  year = {1977},
  volume = {42},
  pages = {1369-1383},
  number = {7},
  doi = {10.1190/1.1440798},
  eprint = {http://library.seg.org/doi/pdf/10.1190/1.1440798},
  file = {:1977-Least-squares inverse filtering and wavelet deconvolution.pdf:PDF},
  owner = {Kenji},
  timestamp = {2014.11.18},
  url = {http://library.seg.org/doi/abs/10.1190/1.1440798}
}

@CONFERENCE{Bienati2001,
  author = {N Bienati and U. Spagnolini and M. Zecca},
  title = {An adaptive blind signal separation based on the joint optimization
	of {G}ivens rotations},
  booktitle = {Proceedings of the 2001 ICASSP},
  year = {2001},
  file = {:2001-An adaptive blind signal separation based on the joint optimization of Givens rotations.pdf:PDF},
  owner = {Kenji},
  timestamp = {2014.05.29}
}

@ARTICLE{Bioucas-Dias2012,
  author = {J. M. Bioucas-Dias and A. Plaza and N. Dobigeon and M. Parente and
	Q. Du and P. Gader and J. Chanussot},
  title = {Hypespectral unmixing overview: geometrical, statistical, and sparse
	regression-based approaches},
  journal = {IEEE Journal of Selected Topics in Applied Earth Observations and
	Remote Sensing},
  year = {2012},
  volume = {5},
  pages = {354-379},
  owner = {Kenji},
  timestamp = {2015.10.01}
}

@ARTICLE{Bobmann2012,
  author = {F. Bobmann and G. Plonka and T. Peter and O. Nemitz and T. Schmitte},
  title = {Sparse deconvolution methods for ultarsonic {NDT}},
  journal = {Journal of Nondestructive Evaluation},
  year = {2012},
  volume = {31},
  pages = {225-244},
  file = {:2012-Sparse deconvolution methods for ultarsonic NDT.pdf:PDF},
  owner = {Kenji},
  timestamp = {2014.07.08}
}

@CONFERENCE{Boccato2013,
  author = {L. Boccato and D. G. Silva and D. Fantinato and K. Nose-Filho and
	R. Ferrari and R. Attux and A. Neves and J. Montalv\~{a}o and J.
	M. T. Romano},
  title = {Error entropy criterion in echo state network training},
  booktitle = {Proceedings of the 2013 ESANN},
  year = {2013},
  owner = {Kenji},
  timestamp = {2015.05.29}
}

@ARTICLE{Bofill2001,
  author = {P. Bofill and M. Zibulevsky},
  title = {Underdetermined blind source separation using sparse representations},
  journal = {Signal Processing},
  year = {2001},
  volume = {81},
  pages = {2353-2362},
  file = {:2001-Undetermined blind source separation using sparse representations.pdf:PDF}
}

@ARTICLE{Bofill2003,
  author = {P. Bofill},
  title = {Underdetermined blind separation of delayed sound sources in the
	frequency domain},
  journal = {Neurocomputing},
  year = {2003},
  volume = {55},
  pages = {627 - 641},
  number = {3{\^a}??4},
  note = {<ce:title>Evolving Solution with Neural Networks</ce:title>},
  doi = {10.1016/S0925-2312(02)00631-8},
  file = {:2003-Underdetermined blind separation of delayed sound sources in the frequency domain.pdf:PDF},
  issn = {0925-2312},
  keywords = {Blind source separation},
  url = {http://www.sciencedirect.com/science/article/pii/S0925231202006318}
}

@CONFERENCE{Bogert1963,
  author = {B. Bogert and M. Healy and J. Tukey},
  title = {The quefrency analysis of time series for echoes: cepstrum, pseudo-autocovariance,
	cross-cepstrum, and saphe cracking},
  booktitle = {Proceedings of the 1963 Symposium on Time Series Analysis},
  year = {1963},
  owner = {Kenji},
  timestamp = {2014.07.25}
}

@ARTICLE{Briggs2012,
  author = {F. Briggs and B. Lakshminarayanan and L. Neal, X.Z. Fern and R. Raich
	and S. J. K. Hadley and A. S. Hadley and M.G. Betts.},
  title = {Acoustic classification of multiple simultaneous bird species: a
	multi-instance multi-label approach},
  journal = {The Journal of the Acoustic Society of America},
  year = {2012},
  volume = {131},
  pages = {4640-4650},
  file = {:2012-Acoustic classification of multiple simultaneous bird species.pdf:PDF},
  owner = {Kenji},
  timestamp = {2014.10.16}
}

@TECHREPORT{Brillinger1964,
  author = {D. R. Brillinger},
  title = {An Introduction to polyspectra},
  institution = {Princeton University, Econometric Research Program, Research Memorandum,
	64},
  year = {1964},
  file = {:1964-An introduction to polyspectra.pdf:PDF},
  owner = {Kenji},
  timestamp = {2013.04.01}
}

@ARTICLE{Brillinger1965,
  author = {D. R. Brillinger},
  title = {An introduction to polyspectra},
  journal = {The annals of mathematical statistics},
  year = {1965},
  volume = {36},
  pages = {1351-1374},
  file = {:1965-An introduction to polyspectra.pdf:PDF},
  owner = {Kenji},
  timestamp = {2014.07.25}
}

@CONFERENCE{Brillinger1967,
  author = {D. R. Brillinger and M. Rosenblatt},
  title = {Asymptotic theory of estimates of kth-order spectra},
  booktitle = {Proceedings of the 1967 National Academy of Sciences of the USA,
	1967},
  year = {1967},
  volume = {57},
  pages = {206-210},
  file = {:1967-Asymptotic Theory of Estimates of kth-Order Spectra.pdf:PDF},
  owner = {Kenji},
  timestamp = {2013.04.01}
}

@ARTICLE{Broadhead2000,
  author = {M. K. Broadhead and L. A. Pflug},
  title = {Performance of some sparseness crietrion blind deconvolution methods
	in the presence of noise},
  journal = {The Journal of the Acoustic Society of America},
  year = {2000},
  volume = {107},
  pages = {885-893},
  owner = {Kenji},
  timestamp = {2014.07.25}
}

@ARTICLE{Broomhead1988,
  author = {D. S. Broomhead and D. Lowe},
  title = {Multivariate functional interpolation and adaptive networks},
  journal = {Complex Systems},
  year = {1988},
  volume = {2},
  pages = {321-355},
  file = {:1988-Multivariate functional interpolation and adaptive networks.pdf:PDF},
  owner = {Kenji},
  timestamp = {2014.06.10}
}

@BOOK{Brossier1997,
  title = {Signal et communication num\'erique: \'egalisation et synchronisation},
  publisher = {Hermes},
  year = {1997},
  author = {J.-M. Brossier},
  owner = {Kenji},
  timestamp = {2014.08.04}
}

@ARTICLE{Brown2013,
  author = {S. P. Brown and M. S. Thorne},
  title = {Viterbi sparse spike detection},
  journal = {Geophysics},
  year = {2013},
  volume = {78},
  pages = {V158-V169},
  file = {:2013-Viterbi sparse spike detection.pdf:PDF},
  owner = {Kenji},
  timestamp = {2014.07.08}
}

@CONFERENCE{Bube1990,
  author = {K. B. Bube and R. T. Langan},
  title = {Hybrid $l_1/l_2$ data fitting with application to tomography},
  booktitle = {Expanded Abstracts of the 1990 SEG International Meeting},
  year = {1990},
  file = {:1990-Hibrid l1l2 data fitting with applications to tomography.pdf:PDF},
  owner = {Kenji},
  timestamp = {2013.10.21}
}

@ARTICLE{Bube1997,
  author = {K. P. Bube and R. T. Langan},
  title = {Hybrid $l_1/l_2$ minimization with applications to tomography},
  journal = {Geophysics},
  year = {1997},
  volume = {62},
  pages = {1183-1185},
  file = {:1997-Hibrid l1l2 minimization with applications to tomography.pdf:PDF},
  owner = {Kenji},
  timestamp = {2013.10.21}
}

@ELECTRONIC{Burrus2012,
  author = {C. S. Burrus},
  year = {2012},
  title = {Iterative reweighted least squares},
  url = {http://cnx.org/content/m45285/1.12/},
  file = {:2012-Iterative reweighted least squares.pdf:PDF},
  owner = {Kenji},
  timestamp = {2014.03.18}
}

@ARTICLE{Cabrelli1984,
  author = {C. A Cabrelli},
  title = {Minimum entropy deconvolution and simplicity: a noniterative algorithm},
  journal = {Geophysics},
  year = {1984},
  volume = {50},
  pages = {394-413},
  file = {:1984-Minimum entropy deconvolution and simplicity.pdf:PDF},
  owner = {Kenji},
  timestamp = {2014.07.25}
}

@ARTICLE{Candes2006a,
  author = {E. Cand\`es and J. Romberg and T. Tao},
  title = {Robust uncertainty principles: exact signal reconstruction from highly
	incomplete frequency information},
  journal = {IEEE Transactions on Information Theory},
  year = {2006},
  volume = {52},
  pages = {489-509},
  owner = {Kenji},
  timestamp = {2015.06.30}
}

@ARTICLE{Candes2006b,
  author = {E. Cand\`es and J. Romberg and T. Tao},
  title = {Stable signal recovery from imcpomplete and inaccurate measurements},
  journal = {Communications on Pure and Applied Mathematics},
  year = {2006},
  volume = {59},
  pages = {1207-1223},
  owner = {Kenji},
  timestamp = {2015.06.30}
}

@ARTICLE{Candes2011,
  author = {E. J. Candes and X. Li, Y. Ma and J. Wright},
  title = {Robust principal component analysis},
  journal = {Journal of the ACM},
  year = {2011},
  volume = {58},
  pages = {1-37},
  owner = {Kenji},
  timestamp = {2015.04.08}
}

@ARTICLE{Cardoso1993,
  author = {J.-F. Cardoso and A. Souloumiac},
  title = {Blind beamforming for non {G}aussian signals},
  journal = {IEE Proceedings-F},
  year = {1993},
  volume = {140},
  pages = {362-370}
}

@Article{Casanovas2010,
  author =  {Casanovas, A. L. and Monaci, G. and Vandergheynst, Pierre and Grobonval, R.},
  title =   {Blind audiovisual source separation based on sparse redundant representations},
  journal = {IEEE Transactions on Multimedia},
  year =    {2010}
}

@CONFERENCE{Cavalcante2000,
  author = {C. C. Cavalcante and J. R. Montalv{\~a}o F. and B. Dorizzi and J.
	C. M. Mota},
  title = {A neural predictor for blind equalization of digital communications
	systems},
  booktitle = {Proceedings of the 2000 Adaptive Systems for Signal Processing, Communications
	and Control Symposium},
  year = {2000},
  owner = {Kenji},
  timestamp = {2014.07.28}
}

@CONFERENCE{Chahine2009,
  author = {K. Chahine and V. Baltazart and X. Derobert and Y. Wang},
  title = {Blind deconvolution via independent component analysis for thin-pavement
	thickness estimation using GPR},
  booktitle = {Proceedings of the 2009 International Radar Conference},
  year = {2009},
  file = {:2009-Blind deconvolution via independent component analysis for thin-pavement thickness estimation using GPR.pdf:PDF},
  owner = {Kenji},
  timestamp = {2014.07.08}
}

@CONFERENCE{Chandrasekaran2009,
  author = {V. Chandrasekaran and S. Sanghavi and P. A. Parrilo and A. S. Willsky},
  title = {Sparse and low-rank matrix decompositions},
  booktitle = {Proceedings of the 2009 Annual Allerton Conference on Communication,
	Control, and Computing},
  year = {2009},
  owner = {Kenji},
  timestamp = {2015.04.08}
}

@ARTICLE{Chen1999,
  author = {S. S. Chen and D. L. Donoho and M. A. Saunders},
  title = {Atomic decomposition by basis pursuit},
  journal = {SIAM Journal on Scientific Computing},
  year = {1999},
  volume = {20},
  pages = {33-61},
  owner = {Kenji},
  timestamp = {2015.03.11}
}

@ARTICLE{Chen2001,
  author = {S. S. Chen and D. L. Donoho and M. A. Saunders},
  title = {Atomic decomposition by basis pursuit},
  journal = {SIAM Review},
  year = {2001},
  volume = {43},
  pages = {129-159},
  file = {:2001-Atomic decomposition by basis persuit.pdf:PDF},
  owner = {Kenji},
  timestamp = {2014.05.28}
}

@ARTICLE{Cheng1996,
  author = {Q. Cheng and R. Chen and T. H. Li},
  title = {Simultaneous wavelet estimation and deconvolution of reflection seismic
	signals},
  journal = {IEEE Transactions on Geoscience and Remote Sensing},
  year = {1996},
  volume = {34},
  pages = {377-384},
  file = {:1996-Simultaneous Wavelet Estimation and Deconvolution of  Reflection Seismic Signals.pdf:PDF},
  owner = {Kenji},
  timestamp = {2014.02.05}
}

@ARTICLE{Claerbout1964,
  author = {Claerbout, J. and Robinson, E.},
  title = {The error in least-squares inverse filtering},
  journal = {Geophysics},
  year = {1964},
  volume = {29},
  pages = {118-120},
  number = {1},
  doi = {10.1190/1.1439320},
  eprint = {http://library.seg.org/doi/pdf/10.1190/1.1439320},
  file = {:1964-The error in least-squares inverse filtering.pdf:PDF},
  url = {http://library.seg.org/doi/abs/10.1190/1.1439320}
}

@ARTICLE{Claerbout1973,
  author = {Claerbout, J. and Muir, F.},
  title = {Robust modeling with erratic data},
  journal = {Geophysics},
  year = {1973},
  volume = {38},
  pages = {826-844},
  number = {5},
  doi = {10.1190/1.1440378},
  eprint = {http://library.seg.org/doi/pdf/10.1190/1.1440378},
  file = {:1973-Robust modeling with erratic data.pdf:PDF},
  owner = {Kenji},
  timestamp = {2014.11.18},
  url = {http://library.seg.org/doi/abs/10.1190/1.1440378}
}

@TECHREPORT{Claerbout1977,
  author = {J. F. Claerbout},
  title = {Parsimonious deconvolution},
  institution = {SEP-13},
  year = {1977},
  file = {:1977-Parsimonious deconvolution.pdf:PDF},
  owner = {Kenji},
  timestamp = {2014.11.18}
}

@TECHREPORT{Claerbout1978,
  author = {J. F. Claerbout},
  title = {Minimum information deconvolution},
  institution = {SEP-15},
  year = {1978},
  file = {:1978-Minimum Information Deconvolution.pdf:PDF},
  owner = {Kenji},
  timestamp = {2013.04.01}
}

@ARTICLE{Clerc2002,
  author = {Clerc, M. and Kennedy, J.},
  title = {The particle swarm - explosion, stability, and convergence in a multidimensional
	complex space},
  journal = {IEEE Transactions on Evolutionary Computation},
  year = {2002},
  volume = {6},
  pages = {58-73},
  number = {1},
  doi = {10.1109/4235.985692},
  file = {:2002-The Particle Swarm Explosion Stability and Convergence in a Multidimensional Complex Space.pdf:PDF},
  issn = {1089-778X},
  keywords = {convergence of numerical methods;genetic algorithms;numerical stability;search
	problems;convergence;evolutionary computation;multidimensional complex
	space;optimization;particle swarm;particle trajectory;search spaces;stability;Algorithm
	design and analysis;Control system synthesis;Convergence;Evolutionary
	computation;Multidimensional systems;Optimization methods;Particle
	swarm optimization;Stability;Stochastic systems;Testing}
}

@ARTICLE{Comon1994,
  author = {P. Comon},
  title = {Independent component analysis, a new concept?},
  journal = {Signal Processing},
  year = {1994},
  volume = {36},
  pages = {287-314},
  number = {3},
  doi = {10.1016/0165-1684(94)90029-9},
  file = {:1994-Independent component analysis a new concept.pdf:PDF},
  issn = {0165-1684},
  url = {http://www.sciencedirect.com/science/article/pii/0165168494900299}
}

@BOOK{Comon2010,
  title = {Handbook of blind source seapartion},
  publisher = {Academic Press},
  year = {2010},
  editor = {P. Comon and C. Jutten},
  owner = {Kenji},
  timestamp = {2013.07.17}
}

@ARTICLE{Congedo2008,
  author = {M. Congedo and C. Gouy-Pailler and C. Jutten},
  title = {On the blind source separation of human electroencephalogram by approximate
	joint diagonalization of second order statistics},
  journal = {Clinical Neurophysiology},
  year = {2008},
  volume = {119},
  pages = {2677-2686},
  owner = {Kenji},
  timestamp = {2015.10.01}
}

@ARTICLE{Congedo2011,
  author = {M. Congedo and R. Phlypo and D. T. Pham},
  title = {Approximate joint singular value decomposition of an asymmetric rectangular
	matrix set},
  journal = {IEEE Transactions on Signal Processing},
  year = {2011},
  volume = {59},
  pages = {415-424},
  file = {:2011-Approximate Joint Singular Value Decomposition of an Asymmetric Rectangular Matrix Set.pdf:PDF},
  owner = {Kenji},
  timestamp = {2014.05.29}
}

@CONFERENCE{Costa2008,
  author = {M. N. da Costa and R. Suyama and J. M. T. Romano},
  title = {Uma abordagem unificada para as condi\c{c}\~{o}es equaliza\c{c}\~{a}o
	de canais {SISO}, {SIMO} e {MIMO}},
  booktitle = {Proceedings of the XXVI Simp\'{o}sio Brasileiro de Telecomunica\c{c}\~{o}es},
  year = {2008},
  owner = {Kenji},
  timestamp = {2014.11.18}
}

@CONFERENCE{Covre2014,
  author = {M. R. Covre and T. Barros and R. Lopes},
  title = {High resolution stacking of seismic data},
  booktitle = {Proceedings of the 2014 EUSIPCO},
  year = {2014},
  owner = {Kenji},
  timestamp = {2015.04.22}
}

@ARTICLE{Crump1974,
  author = {N. D Crump},
  title = {A {K}alman filter approach to the deconvolution os seismic signals},
  journal = {Geophysics},
  year = {1974},
  volume = {39},
  pages = {1-13},
  owner = {Kenji},
  timestamp = {2014.07.25}
}

@Article{Cybenko1982,
  author =  {G. Cybenko},
  title =   {Locations of Zeros of Predictor Polynomials},
  journal = {IEEE Transactions on Automatic Control},
  year =    {1982},
  volume =  {Ac-27},
  pages =   {235-237}
}

@ARTICLE{Darlington1970,
  author = {R. B. Darlington},
  title = {Is kurtosis really ''peakedness?? \?},
  journal = {The American Statistician},
  year = {1970},
  volume = {24},
  pages = {19-22},
  file = {:1970-Is kurtosis really peakedness.pdf:PDF},
  owner = {Kenji},
  timestamp = {2014.07.08}
}

@ARTICLE{Debeye1990,
  author = {Debeye, H. W. J. and Van Riel, P.},
  title = {$L_p$-norm deconvolution},
  journal = {Geophysical Prospecting},
  year = {1990},
  volume = {38},
  pages = {381--403},
  number = {4},
  doi = {10.1111/j.1365-2478.1990.tb01852.x},
  file = {:1990-Lp Norm deconvolution.pdf:PDF},
  issn = {1365-2478},
  publisher = {Blackwell Publishing Ltd},
  url = {http://dx.doi.org/10.1111/j.1365-2478.1990.tb01852.x}
}

@ARTICLE{Delfosse1995,
  author = {N. Delfosse and P. Loubaton},
  title = {Adaptive blind separation of independent sorces: a deflation approach},
  journal = {Signal Processing},
  year = {1995},
  volume = {45},
  pages = {59-83},
  file = {:1995-Adaptive blind separation of independent sources a deflation approach.pdf:PDF},
  owner = {Kenji},
  timestamp = {2014.05.29}
}

@BOOK{Ding2001,
  title = {Blind equalization and identification},
  publisher = {Marcel Dekker},
  year = {2001},
  author = {Z. Ding and Y. Li},
  owner = {Kenji},
  timestamp = {2015.01.21}
}

@ARTICLE{Ding2011,
  author = {X. Ding and L. He and L. Carin},
  title = {Bayesian robust principal component analysis},
  journal = {IEEE Transactions on Image Processing},
  year = {2011},
  volume = {20},
  pages = {3419-3430},
  owner = {Kenji},
  timestamp = {2015.04.08}
}

@BOOK{Diniz2002,
  title = {Digital signal processing},
  publisher = {Cambridge},
  year = {2002},
  author = {P. Diniz and E. da Silva and S. Netto},
  file = {:2002-Digital Signal Processing.pdf:PDF},
  owner = {Kenji},
  timestamp = {2013.04.02}
}

@ARTICLE{Dobigeon2009,
  author = {N. Dobigeon and S. Moussaoui and M. Coulon and J.-Y. Tourneret and
	A. O. Hero},
  title = {Joint {Bayesian} endmember extraction and linear unmixing for hyperspectral
	imagery},
  journal = {IEEE Transactions on Signal Processing},
  year = {2009},
  volume = {57},
  pages = {4355-4368},
  owner = {Kenji},
  timestamp = {2015.03.31}
}

@ARTICLE{Donno2011,
  author = {Donno, D.},
  title = {Improving multiple removal using least-squares dip filters and independent
	component analysis},
  journal = {Geophysics},
  year = {2011},
  volume = {76},
  pages = {V91-V104},
  number = {5},
  doi = {10.1190/geo2010-0332.1},
  eprint = {http://library.seg.org/doi/pdf/10.1190/geo2010-0332.1},
  file = {:2011-Improving multiple removal using least-squares dip filters and independent component analysis.pdf:PDF},
  owner = {Kenji},
  timestamp = {2014.11.18},
  url = {http://library.seg.org/doi/abs/10.1190/geo2010-0332.1}
}

@ARTICLE{Donoho1981,
  author = {D. L. Donoho},
  title = {On minimum entropy deconvolution},
  journal = {Academic Press},
  year = {1981},
  pages = {656-608},
  file = {:1981-On minimum entropy deconvolution.pdf:PDF},
  owner = {Kenji},
  timestamp = {2013.04.01}
}

@ARTICLE{Donoho2006,
  author = {D. L. Donoho},
  title = {For most large undetermined systems of equations, the minimal $\ell^1$-norm
	near-solution approximates the sparsest near-solution},
  journal = {Communications on Pure and Applied Mathematics},
  year = {2006},
  volume = {59},
  pages = {907-934},
  file = {:2006-For most large underdetermined systems of equations, the minimal L1-norm near-solution approximates the sparsest near-solution.pdf:PDF},
  owner = {Kenji},
  timestamp = {2014.02.05}
}

@ARTICLE{Donoho2006b,
  author = {D. Donoho},
  title = {Compressed sensing},
  journal = {IEEE Transactions on Information Theory},
  year = {2006},
  volume = {52},
  pages = {1289-1306},
  owner = {Kenji},
  timestamp = {2015.06.30}
}

@ARTICLE{Douglas1997,
  author = {S. C. Douglas and S. Haykin},
  title = {On the realationship between blind deconvolution and blind source
	separation},
  journal = {Thirty-First Asilomar Conference on Signals, Systems and Computers},
  year = {1997},
  volume = {2},
  pages = {1591-1595},
  owner = {Kenji},
  timestamp = {2015.03.17}
}

@ARTICLE{Douglas2000,
  author = {S. C. Douglas and S. I. Amari and S. Y. Kung},
  title = {On gradient adaptation with unit-norm constraints},
  journal = {IEEE Transactions on Signal Processing},
  year = {2000},
  volume = {48},
  pages = {1843-1847},
  file = {:2000-On gradient adaptation with unit-norm constraints.pdf:PDF;:2000-On gradient adaptation with unit-norm constraints.pdf:PDF},
  owner = {Kenji},
  timestamp = {2014.02.05}
}

@Article{Drugman2014,
  author =  {T. Drugman},
  title =   {Maximum Phase Modeling for Sparse Linear Prediction of Speech},
  journal = {IEEE Signal Processing Letters},
  year =    {2014},
  volume =  {21},
  number =  {2},
  pages =   {185-189}
}

@Conference{Du2002,
  author =    {J. Du and C.-H. Lee and H.-K. Lee and Y. Suh},
  title =     {{BSS: a new approach for watermark attack}},
  booktitle = {Fourth International Symposium on Multimedia Software Engineering},
  year =      {2002}
}

@CONFERENCE{Duarte2011,
  author = {Duarte, L. T. and Suyama, R. and Attux, R. and Romano, J. M. T. and
	Jutten, C.},
  title = {Blind extraction of sparse components based on $l_0$-norm minimization},
  booktitle = {Proceedings of the 2011 SSP},
  year = {2011},
  pages = {617-620},
  doi = {10.1109/SSP.2011.5967775},
  file = {:2011-Blind extraction of sparse components based on l0-norm minimization.pdf:PDF},
  issn = {pending},
  keywords = {approximation theory;blind source separation;?0-norm minimization;BSE;approximation;blind
	source extraction;sparse components;Approximation methods;Correlation;Cost
	function;Independent component analysis;Neodymium;Noise;Source separation;?0-norm;Blind
	source extraction;sparse components},
  owner = {Kenji},
  timestamp = {2014.11.18}
}

@INCOLLECTION{Duarte2012,
  author = {Duarte, L. T. and Ando, R. A. and Attux, R. and Deville, Y. and Jutten,
	C.},
  title = {Separation of sparse signals in overdetermined linear-quadratic mixtures},
  booktitle = {Latent Variable Analysis and Signal Separation},
  publisher = {Springer Berlin Heidelberg},
  year = {2012},
  editor = {Theis, Fabian and Cichocki, Andrzej and Yeredor, Arie and Zibulevsky,
	Michael},
  volume = {7191},
  series = {Lecture Notes in Computer Science},
  pages = {239-246}
}

@CONFERENCE{Duarte2012b,
  author = {Duarte, L. T. and Nadalin, E. Z. and Nose-Filho, K. and Zanetti,
	R. A. and Romano, J. M. T. and Tygel, M.},
  title = {Seismic wave separation by means of robust principal component analysis},
  booktitle = {Proceedings of the 2012 EUSIPCO},
  year = {2012},
  owner = {Kenji},
  timestamp = {2015.04.08}
}

@CONFERENCE{Duarte2012c,
  author = {Duarte, L. T. and Nadalin, E. Z. and Nose-Filho, K. and Zanetti,
	R. A. and Romano, J. M. T. and Tygel, M.},
  title = {Application of robust principal component analysis to seismic data
	processing},
  booktitle = {Proceedings of the 2012 EAGE},
  year = {2012},
  owner = {Kenji},
  timestamp = {2015.04.08}
}

@ARTICLE{Duarte2014,
  author = {Duarte, L.T. and Romano, J.M.T. and Jutten, C. and Chumbimuni-Torres,
	K.Y. and Kubota, L.T.},
  title = {Application of blind source separation methods to ion-selective electrode
	arrays in flow-injection analysis},
  journal = {IEEE Sensors Journal},
  year = {2014},
  volume = {14},
  pages = {2228-2229},
  number = {7},
  month = {July}
}

@Conference{Duarte2014a,
  author =    {L. T. Duarte and D. Donno and R. Lopes and J. M. T. Romano},
  title =     {Seismic signal processing: some recent advances},
  booktitle = {Proceedings of the 2014 ICASSP},
  year =      {2014}
}

@ARTICLE{Duarte2015,
  author = {Duarte, L.T. and Suyama, R. and Attux, R. and Romano, J. M. T. and
	Jutten, C.},
  title = {A sparsity-based method for blind compensation of a memoryless nonlinear
	distortion: application to Ion-selective electrodes},
  journal = {IEEE Sensors Journal},
  year = {2015},
  volume = {15},
  pages = {2054-2061},
  owner = {Kenji},
  timestamp = {2015.04.13}
}

@PHDTHESIS{Duveneck2004,
  author = {E. Duveneck},
  title = {Tomographic determination of seismic velocity models with kinematic
	wavefield attributes},
  school = {Universit{\"a}t Karlsruhe (TH)},
  year = {2004},
  owner = {Kenji},
  timestamp = {2015.04.22}
}

@ARTICLE{Eisner1990,
  author = {Eisner, E. and Hampson, G.},
  title = {Decomposition into minimum and maximum phase components},
  journal = {Geophysics},
  year = {1990},
  volume = {55},
  pages = {897-901},
  number = {7},
  doi = {10.1190/1.1442904},
  eprint = {http://library.seg.org/doi/pdf/10.1190/1.1442904},
  file = {:1990-Decomposition into minimum and maximum phase components.pdf:PDF},
  url = {http://library.seg.org/doi/abs/10.1190/1.1442904}
}

@ARTICLE{Erdogmus2006,
  author = {D. Erdogmus and J. C. Principe},
  title = {From linear adaptive filtering to nonlinear information processing},
  journal = {IEEE Signal Processing Magazine},
  year = {2006},
  volume = {23},
  pages = {14-33},
  owner = {Kenji},
  timestamp = {2014.02.25}
}

@ARTICLE{Farra1988,
  author = {V. Farra and R. Madariaga},
  title = {Non-linear reflection tomography},
  journal = {Geophysical Journal},
  year = {1988},
  volume = {95},
  pages = {135--147},
  owner = {Kenji},
  timestamp = {2015.04.22}
}

@ELECTRONIC{Fastica2005,
  author = {H. Gavert and J. Hurri and J. Sarela and A. Hyvarinen},
  year = {2005},
  title = {The {FastICA} package for matlab},
  url = {http://research.ics.aalto.fi/ica/fastica/},
  owner = {Kenji},
  timestamp = {2015.07.30}
}

@ARTICLE{Feng2011,
  author = {L. Hua-Feng and C. Xiao-Hong and S. Jia-Wen and L. Guo-Chang},
  title = {Multiple subtraction method based on a non-causal matching filter},
  journal = {Applied Geophsyics},
  year = {2011},
  volume = {8},
  pages = {27-35},
  owner = {Kenji},
  timestamp = {2015.04.22}
}

@PHDTHESIS{Ferrari2011,
  author = {Rafael Ferrari},
  title = {Equaliza\c{c}\~ao preditiva e otimiza\c{c}\~ao de sistemas {DSL}
	por gerenciamento espectral e processamento MIMO},
  school = {Faculdade de engenharia el\'etrica e de computa\c{c}\~ao, Universidade
	de Campinas},
  year = {2011},
  owner = {Kenji},
  timestamp = {2013.04.01}
}

@ARTICLE{Ferreria2005,
  author = {L. V. Ferreira and E. Kaszkurewicz and A. Bhaya},
  title = {Solving systems of linear equations via gradient systems with discontinuous
	righthand sides: application to {LS-SVM}},
  journal = {IEEE Transactions on Neural Networks},
  year = {2005},
  volume = {16},
  pages = {501-505},
  file = {:2005-Solving systems of linear equations via gradient systems with discontinuous righthand sides.pdf:PDF},
  owner = {Kenji},
  timestamp = {2014.10.14}
}

@ARTICLE{Ford1966,
  author = {W. Ford and J. H. Hearne},
  title = {Least-squares inverse filtering},
  journal = {Geophysics},
  year = {1966},
  volume = {31},
  pages = {912-926},
  file = {:1966-Least-squares inverse filtering.pdf:PDF},
  owner = {Kenji},
  timestamp = {2013.10.21}
}

@ARTICLE{Freire1988,
  author = {S. L. M. Freire and T. J. Ulrych},
  title = {Application of singular value decomposition to vertical seismic profiling},
  journal = {Geophysics},
  year = {1988},
  volume = {53},
  pages = {778-785},
  owner = {Kenji},
  timestamp = {2015.04.08}
}

@CONFERENCE{Ge2008,
  author = {D. Ge and J. Idier and E. Le Capentier},
  title = {A new {MCMC} algorithm for blind {B}erboulli-{G}aussian processes},
  booktitle = {Proceedings of the 2008 EUSIPCO},
  year = {2008},
  file = {:2008-A new MCMC algorithm for blind Bernoulli-Gaussian Deconvolution.pdf:PDF},
  owner = {Kenji},
  timestamp = {2014.07.08}
}

@Article{Giacobello2012,
  author =  {D. Giacobello and M. G. Christensen and M. N. Murthi and S. H. Jensen and M. Moonen},
  title =   {Sparse Linear Prediction and Its Applications to Speech Processing},
  journal = {IEEE Transactions on Audio, Speech, and Language Processing},
  year =    {2012},
  volume =  {20},
  number =  {5},
  pages =   {1644-1657}
}

@BOOK{Gibbons2010,
  title = {Nonparametric statistical inference},
  publisher = {Chapman and Hall/CRC},
  year = {2010},
  author = {J. D. Gibbons and S. Chakraborti},
  owner = {Kenji},
  timestamp = {2013.08.26}
}

@BOOK{Glangeaud1994,
  title = {Wave separation},
  publisher = {Technip Editions},
  year = {1994},
  author = {F. Glangeaud and J.-L. Mari},
  owner = {Kenji},
  timestamp = {2015.04.08}
}

@ARTICLE{Godard1980,
  author = {Godard, D.},
  title = {Self-recovering equalization and carrier tracking in two-dimensional
	data communication systems},
  journal = {IEEE Transactions on Communications},
  year = {1980},
  volume = {28},
  pages = {1867-1875},
  number = {11},
  doi = {10.1109/TCOM.1980.1094608},
  file = {:1980-Self-Recovering Equalization and Carrier Tracking in Two-Dimensional Data Communication Systems.pdf:PDF},
  issn = {0090-6778},
  keywords = {Adaptive equalizers;Carrier tracking loops;Digital communications;Multidimensional
	(n-D) system;Adaptive equalizers;Algorithm design and analysis;Communication
	system control;Computer simulation;Convergence;Cost function;Data
	communication;Intersymbol interference;Modems;Throughput}
}

@TECHREPORT{Godfrey1978,
  author = {B. Godfrey},
  title = {An information theory approach to deconvolution},
  institution = {SEP-15},
  year = {1978},
  file = {:1978-Variable norm deconvolution.pdf:PDF},
  owner = {Kenji},
  timestamp = {2013.04.01}
}

@BOOK{Golub1996,
  title = {Matrix Computations},
  publisher = {John Hopkins},
  year = {1996},
  author = {Golub, Gene H. and Van Loan, Charles F.},
  edition = {3rd},
  owner = {Kenji},
  timestamp = {2015.11.27}
}

@BOOK{Gonin1989,
  title = {Nonlinear $L_p$-norm estimation},
  publisher = {CRC Press},
  year = {1989},
  author = {R. Gonin and A. H. Money},
  owner = {Kenji},
  timestamp = {2013.04.01}
}

@TECHREPORT{Gray1978a,
  author = {W. Gray},
  title = {Variable norm deconvolution},
  institution = {SEP-14},
  year = {1978},
  file = {:1978-Variable norm deconvolution.pdf:PDF},
  owner = {Kenji},
  timestamp = {2013.04.01}
}

@TECHREPORT{Gray1978b,
  author = {W. Gray},
  title = {A theory for variable norm deconvolution},
  institution = {SEP-15},
  year = {1978},
  file = {:1978-Variable norm deconvolution.pdf:PDF;:1978-A theory for variable norm deconvolution.pdf:PDF},
  owner = {Kenji},
  timestamp = {2013.04.01}
}

@CONFERENCE{Gribonval2006,
  author = {R. Gribonval and S. Lesage},
  title = {A survey of sparse component analysis for blind source separation:
	principles, perspectives, and new challenges},
  booktitle = {Proceedings of the 2006 ESANN},
  year = {2006},
  pages = {323-330},
  address = {Bruges, Belgium},
  file = {:2006-A survey of sparse component analysis for blind source separation.pdf:PDF},
  owner = {Kenji},
  timestamp = {2013.04.01}
}

@BOOK{Hadmard1902,
  title = {Sur les probl\`{e}mes aux d\'{e}riv'{e}es partielles et leur signification
	physique},
  publisher = {Princeton University Bulletin},
  year = {1902},
  author = {J. Hadamard},
  owner = {Kenji},
  timestamp = {2014.07.25}
}

@ARTICLE{Haro1997,
  author = {C. Ant\'on-Haro and J. A. R. Fonollosa and J. R. Fonollosa},
  title = {Blind channel estimation and data detection using hidden {Markov}
	models},
  journal = {IEEE Transactions on Signal Processing},
  year = {1997},
  volume = {45},
  pages = {241-247},
  file = {:1997-Blind channel estimation and data detection using hidden markov models.pdf:PDF},
  owner = {Kenji},
  timestamp = {2014.10.27}
}

@BOOK{Hartley2003,
  title = {Multiple view in geometry computer vision},
  publisher = {Cambridge University Press},
  year = {2003},
  author = {R. Hartley and A. Zisserman},
  owner = {Kenji},
  timestamp = {2015.05.25}
}

@BOOK{Haykin2001,
  title = {Adaptive filter theory},
  publisher = {Prentice Hall},
  year = {2001},
  author = {S. Haykin},
  owner = {Kenji},
  timestamp = {2014.03.17}
}

@ARTICLE{Haykin2005,
  author = {S. Haykin and Z. Chen},
  title = {The cocktail party problem},
  journal = {Neural Computing},
  year = {2005},
  volume = {17},
  pages = {1875-1902},
  owner = {Kenji},
  timestamp = {2015.02.10}
}

@CONFERENCE{He2005,
  author = {Zhaoshui He and Shengli Xie and Yuli Fu},
  title = {Sparseness measure of signal},
  booktitle = {Proceedings of the2005 ICNNB},
  year = {2005},
  volume = {3},
  pages = {1931-1936},
  doi = {10.1109/ICNNB.2005.1615002},
  file = {:2005-Sparseness measure os signal.pdf:PDF},
  keywords = {Gaussian distribution;blind source separation;Gaussian distribution;Gaussian
	signal;Laplacian signal;blind source separation;signal sparseness
	measure;Acoustic imaging;Acoustic signal processing;Gaussian distribution;Helium;Independent
	component analysis;Inverse problems;Laplace equations;Noise reduction;Signal
	processing;Source separation}
}

@CONFERENCE{Herault1985,
  author = {J. H{\'e}rault and C. Jutten and B. Ans},
  title = {Detection de grandeurs primitives dans un message composite par une
	architecture de calcul neuromimetique en apprentissage non supervise},
  booktitle = {Proceedings of the 1985 GRETSI Symposium on Signal and Image Processing},
  year = {1985},
  pages = {1017-1022},
  address = {Nice, France},
  file = {:1985-Detection de grandeurs primitives dans un message composite par une architecture.pdf:PDF;:1985-Detection de grandeurs primitives dans un message composite par une architecture.pdf:PDF},
  owner = {Kenji},
  timestamp = {2013.04.01}
}

@CONFERENCE{Herrera2011,
  author = {R. H. Herrera and M. van der Baan},
  title = {Revisiting homomorphic wavelet estimation and phase unwrapping},
  booktitle = {CSPG CSEG CWLS Convention},
  year = {2011},
  file = {:2011-Revisiting homomorphic wavelet estimation.pdf:PDF},
  owner = {Kenji},
  timestamp = {2014.07.25}
}

@ARTICLE{Herrmann2012,
  author = {F. J. Hermann and M. P. Friedlander and O. Yilmaz},
  title = {Fighting the curse of dimensionality: compressive sensing in exploration
	seismology},
  journal = {IEEE Signal Processing Magazine},
  year = {2012},
  volume = {29},
  pages = {88--100},
  number = {3},
  publisher = {IEEE}
}

@Conference{Hosoda1983,
  author =    {K. Hosoda and A. Fukasawa},
  title =     {32 {Kbps ADPCM CODEC} composed by the prediction filter including poles and zeros},
  booktitle = {Proceedings of the 1983 EUSIPCO},
  year =      {1983}
}

@CONFERENCE{Huang2012,
  author = {P.-S. Huang and S. D. Chen and P. Smaragdis, and M. Hasegawa-Johnson},
  title = {Singing-voice separation from monaural recordings using robust principal
	component analysis},
  booktitle = {proceedings of the 2012 ICASSP},
  year = {2012},
  owner = {Kenji},
  timestamp = {2015.04.08}
}

@BOOK{Huber2009,
  title = {Robust statistics},
  publisher = {Wiley},
  year = {2009},
  author = {P. J. Huber and E. M. Ronchetti},
  edition = {Second Edition},
  owner = {Kenji},
  timestamp = {2015.01.21}
}

@ARTICLE{Hurley2009,
  author = {Hurley, N. and Rickard, Scott},
  title = {Comparing measures of sparsity},
  journal = {IEEE Transactions on Information Theory},
  year = {2009},
  volume = {55},
  pages = {4723-4741},
  number = {10},
  doi = {10.1109/TIT.2009.2027527},
  file = {:2009-Comparing Measures of Sparsity.pdf:PDF},
  issn = {0018-9448},
  keywords = {information theory;Gini index;blind source separation;compression
	analysis;sampling analysis;signal analysis;sparsity measures;Adaptive
	signal processing;Blind source separation;Cloning;Image coding;Machine
	learning;Sampling methods;Sea measurements;Signal analysis;Source
	separation;Tides;Measures of sparsity;measuring sparsity;sparse distribution;sparse
	representation;sparsity},
  owner = {Kenji},
  timestamp = {2014.11.18}
}

@BOOK{Hyvarinen2001,
  title = {Independent component analysis},
  publisher = {John Wiley \& Sons},
  year = {2001},
  author = {A. Hyvarinen and J. Karhunen and E. Oja},
  file = {:2001-Independent Component Analysis.pdf:PDF},
  owner = {Kenji},
  timestamp = {2013.04.01}
}

@ARTICLE{Idier1993,
  author = {J. Idier and Y. Goussard},
  title = {Mutichannel seismic deconvolution},
  journal = {IEEE Transactions on Geoscience and Remote Sensing},
  year = {1993},
  volume = {31},
  pages = {961-979},
  file = {:C\:\\Users\\Kenji\\Dropbox\\Kenji-DROPBOX\\Artigos e textos\\JabRef\\1993-Mulichannel sesimic deconvolution.pdf:PDF},
  owner = {Kenji},
  timestamp = {2014.11.18}
}

@CONFERENCE{Inouye1996,
  author = {Y. Inouye and T. Sato},
  title = {Unconstrained optimization criteria for blind equalization of multichannel
	linear systems of nonminimum phase},
  booktitle = {Proceedings of the 1996 International Conference on Signal Processing},
  year = {1996},
  file = {:1996-Unconstrained optimization criteria for blind equalization of multichannel linear systems of nonminimum phase.pdf:PDF},
  owner = {Kenji},
  timestamp = {2014.11.18}
}

@BOOK{Irons,
  title = {Sigsbee2 models},
  publisher = {[Online], Available: \url{http://www.reproducibility.org/RSF/book/data/sigsbee/paper_html/paper.html}},
  author = {Irons, T.},
  owner = {Kenji},
  timestamp = {2014.11.18}
}

@CONFERENCE{Jeong2009,
  author = {Jeong S-Y. and Kim K. and Jeong J-H. and Oh K-C.},
  title = {Semi-blind disjoint non-negative matrix factorization for extracting
	traget source from single channel noise mixture},
  booktitle = {IEEE Workshop on Applications of Signal Processing to Audio and Acoustics},
  year = {2009},
  owner = {Kenji},
  timestamp = {2015.09.28}
}

@CONFERENCE{Jourjine2000,
  author = {Jourjine, A. and Rickard, S. and Yilmaz, O.},
  title = {Blind separation of disjoint orthogonal signals: demixing {N} sources
	from 2 mixtures},
  booktitle = {Proceedings of the 2000 ICASSP},
  year = {2000},
  volume = {5},
  pages = {2985-2988 vol.5},
  doi = {10.1109/ICASSP.2000.861162},
  file = {:2000-Blind Separation of Disjoint Orthogonal Signals Demixing N Sources from 2 Mixtures.pdf:PDF},
  issn = {1520-6149},
  keywords = {Fourier transforms;delays;parameter estimation;signal representation;speech
	processing;time-frequency analysis;amplitude-delay estimation;anechoic
	mixtures;attenuated sources;blind signal separation;clustering ratios;delayed
	sources;disjoint orthogonal signals;disjoint orthogonal sources;disjoint
	sets;mixing parameter estimation;source demixing;source recovery;speech
	signals;time-frequency representations;windowed Fourier transform;wireless
	signals;Blind source separation;Channel estimation;Delay effects;Delay
	estimation;Higher order statistics;Signal processing;Source separation;Speech;Time
	frequency analysis;Wireless communication}
}

@ARTICLE{Kaaresen1998,
  author = {K. F. Kaaresen and T. Taxt},
  title = {Multichannel blind deconvolution of seismic signals},
  journal = {Geophysics},
  year = {1998},
  volume = {63},
  pages = {2093-2107},
  file = {:C\:\\Users\\Kenji\\Dropbox\\Kenji-DROPBOX\\Artigos e textos\\JabRef\\1998-Multichannel blind deconvolution of seismic signals.pdf:PDF},
  owner = {Kenji},
  timestamp = {2014.11.18}
}

@ARTICLE{Kail2012,
  author = {G. Kail and J.-Y. Touneret and F. Hlawatsch and N. Dobigeon},
  title = {Blind deconvolution of sparse pulse sequences under a minimum distance
	constraint: a partially collapsed {Gibbs} sampler method},
  journal = {IEEE Transactions on Signal Processing},
  year = {2012},
  volume = {60},
  pages = {2727-2743},
  owner = {Kenji},
  timestamp = {2014.07.08}
}

@ARTICLE{Kaiser1958,
  author = {H. F. Kaiser},
  title = {The varimax criterion for analytic rotation in factor analysis},
  journal = {Psychometrika},
  year = {1958},
  volume = {23},
  pages = {187-200},
  file = {:1958-The varimax criterion for analytic rotation in factor analysis.pdf:PDF},
  owner = {Kenji},
  timestamp = {2014.07.25}
}

@CONFERENCE{Kaplan2003,
  author = {Sam T. Kaplan and Tadeusz J. Ulrych},
  title = {Blind deconvolution and {ICA} with a banded mixing matrix},
  booktitle = {Proceedings of the 2003 ICA},
  year = {2003},
  pages = {591-596},
  file = {:2003-Blind deconvolution and ica with a banded mixing matrix.pdf:PDF},
  owner = {Kenji},
  timestamp = {2013.04.01}
}

@ARTICLE{Kaplan2008,
  author = {Kaplan, S. and Innanen, K.},
  title = {Adaptive separation of free-surface multiples through independent
	component analysis},
  journal = {Geophysics},
  year = {2008},
  volume = {73},
  pages = {V29-V36},
  number = {3},
  doi = {10.1190/1.2890407},
  eprint = {http://library.seg.org/doi/pdf/10.1190/1.2890407},
  file = {:2008-Adaptive separation of free-surface multiples trough independent component analysis.pdf:PDF},
  url = {http://library.seg.org/doi/abs/10.1190/1.2890407}
}

@BOOK{Kaufman1990,
  title = {Finding groups in data: an introduction to cluster analysis},
  publisher = {Wiley},
  year = {1990},
  author = {L. Kaufman and P. J. Rousseeuw},
  owner = {Kenji},
  timestamp = {2014.09.25}
}

@ARTICLE{Kazemi2014,
  author = {N. Kazemi and M. D. Sacchi},
  title = {Sparse multichannel blind deconvolution},
  journal = {Geophysics},
  year = {2014},
  volume = {79},
  pages = {v143-v152},
  file = {:2014-Sparse multichannel blind deconvolution.pdf:PDF},
  owner = {Kenji},
  timestamp = {2015.01.21}
}

@ARTICLE{Kiefer1953,
  author = {J. Kiefer},
  title = {Sequential minimax search for a maximum},
  journal = {Proceedings of the American Mathematical Society},
  year = {1953},
  volume = {4},
  pages = {502-506},
  file = {:1953-Sequential minimax search for a maximum.pdf:PDF},
  owner = {Kenji},
  timestamp = {2014.05.30}
}

@ARTICLE{Kirlin1992,
  author = {R. L. Kirlin},
  title = {The relationship between semplance and eigen-structure velocity estimators},
  journal = {Geophysics},
  year = {1992},
  volume = {57},
  pages = {1027-1033},
  owner = {Kenji},
  timestamp = {2015.04.22}
}

@BOOK{Kirlin1999,
  title = {Covariance analysis for seismic signal processing},
  publisher = {Society of Exploration Geophysicists},
  year = {1999},
  editor = {R. L. Kirlin and W. J. Done},
  owner = {Kenji},
  timestamp = {2015.04.08}
}

@CONFERENCE{Kisilev2001,
  author = {Pavel Kisilev and Michael Zibulevsky and Yehoshua Y. Zeevi and Barak
	Pearlmutter and Barak Zt. Pearlmutter},
  title = {Blind source separation via multinode sparse representation},
  booktitle = {Proceedings of the 2001 Advances in Neural Information Processing
	Systems},
  year = {2001},
  pages = {1049-1056},
  publisher = {MIT Press},
  file = {:2001-Blind Source Separation Via Multinode Sparse Representation.pdf:PDF}
}

@Article{Knockaert1992,
  author =  {L. Knockaert},
  title =   {Stability of linear predictors and numerical range shift operators in normal spaces},
  journal = {IEEE Transactions on Information Theory},
  year =    {1992},
  volume =  {38},
  number =  {5},
  pages =   {1483-1486}
}

@Article{Kolmogorov1939,
  author =  {A. N. Kolmogorov},
  title =   {Sur {l'interpolation} et {l'extrapolation} de suites stationaires},
  journal = {Comptes Rendus de {l'Acad\'emie} des Sciences},
  year =    {1939},
  volume =  {207},
  pages =   {2043-2045}
}

@ARTICLE{Kormylo1982,
  author = {J. J. Kormylo and J. M. Mendel},
  title = {Maximum likelihood detection and estimation of {Bernoulli-Gaussian}
	processes},
  journal = {IEEE TRansactions on Information Theory},
  year = {1982},
  volume = {IT-28},
  pages = {482-488},
  file = {:1982-Maximum-likelihood detection and estimation.pdf:PDF},
  owner = {Kenji},
  timestamp = {2014.07.25}
}

@ARTICLE{Kormylo1983,
  author = {J. J. Kormylo and J. M. Mendel},
  title = {Maximum-likelihood seismic deconvolution},
  journal = {IEEE Transactions on Geoscience and Remote Sensing},
  year = {1983},
  volume = {GE-21},
  pages = {72-82},
  file = {:1983-Maximum-likelihood seismic deconvolution.pdf:PDF},
  owner = {Kenji},
  timestamp = {2014.07.25}
}

@ARTICLE{Kundur1996a,
  author = {D. Kundur and D. Hatzinakos},
  title = {Blind Image Deconvolution},
  journal = {Signal Processing Magazine},
  year = {1996},
  volume = {13},
  pages = {43-64},
  file = {:1996-Blind image deconvolution.pdf:PDF},
  owner = {Kenji},
  timestamp = {2014.07.28}
}

@ARTICLE{Kundur1996b,
  author = {D. Kundur and D. Hatzinakos},
  title = {Blind image deconvolution revisited},
  journal = {Signal Processing Magazine},
  year = {1996},
  volume = {13},
  pages = {61-63},
  number = {6},
  file = {:1996-Blind image deconvolution revisited.pdf:PDF},
  owner = {Kenji},
  timestamp = {2014.07.28}
}

@CONFERENCE{Labat2006,
  author = {C. Labat and J. Idier},
  title = {Sparse blind deconvolution for time-shift ambiguity},
  booktitle = {Proceedings of the 2006 ICASSP},
  year = {2006},
  file = {:2006-Sparse blind deconvolution accounting for time-shift ambiguity.pdf:PDF},
  owner = {Kenji},
  timestamp = {2014.07.08}
}

@Article{Lacoume1984,
  author =  {J. L. Lacoume and M. Gharbi and C. Latombe and J. L. Nicolas},
  title =   {Close Frequency Resolution by Maximum Entropy Spectral Estimators},
  journal = {IEEE Transactions on Acoustic, Speech and Signal Processing},
  year =    {1984},
  volume =  {32},
  number =  {5},
  pages =   {977-984}
}

@ARTICLE{Lang1979,
  author = {S. Lang and J. McClellan},
  title = {A simple proof of stability for all-pole linear prediction models},
  journal = {Proceedings of the IEEE},
  year = {1979},
  volume = {67},
  pages = {860-861},
  file = {:1979-A simple proof of stability for all-pole linear prediction models.pdf:PDF},
  owner = {Kenji},
  timestamp = {2014.07.25}
}

@CONFERENCE{Larue2005,
  author = {A. Larue and M. V. D. Baan and J. I. Mars and C. Jutten},
  title = {Sparsity or whiteness: what criterion to use for blind deconvolution
	of seismic data},
  booktitle = {Proceedings of the 2005 SEG Annual Meeting, Houston},
  year = {2005},
  file = {:2005-Sparsity or whiteness what criterion to use for blind deconvolution of seimsic data.pdf:PDF},
  owner = {Kenji},
  timestamp = {2013.10.21}
}

@ARTICLE{Lathauwer2000,
  author = {L. de Lathauwer and B. de Moor and J. Vandewalle},
  title = {Fetal electrocardiogram extraction by blind source subspace separation},
  journal = {IEEE Transactions on biomedical engineering},
  year = {2000},
  volume = {47},
  pages = {567-572},
  owner = {Kenji},
  timestamp = {2015.10.01}
}

@ARTICLE{Lazear1993,
  author = {Lazear, G.},
  title = {Mixed-phase wavelet estimation using fourth-order cumulants},
  journal = {Geophysics},
  year = {1993},
  volume = {58},
  pages = {1042-1051},
  number = {7},
  doi = {10.1190/1.1443480},
  eprint = {http://library.seg.org/doi/pdf/10.1190/1.1443480},
  file = {:1993-Mixed-phase wavelet estimation using fourth-order cumulants.pdf:PDF},
  url = {http://library.seg.org/doi/abs/10.1190/1.1443480}
}

@ARTICLE{Lee1999,
  author = {T. W. Lee and M. S. Lewicji and M. Girolani and T. J. Sejnowski},
  title = {Blind sources separation of more sources than mixtures using overcomplete
	nonlinear representations},
  journal = {IEEE Signal Processing Letters},
  year = {1999},
  volume = {6},
  pages = {87-90},
  file = {:1999-Blind source separation of more sources than mixtures using overcomplete representations.pdf:PDF},
  owner = {Kenji},
  timestamp = {2014.09.09}
}

@ARTICLE{Li1996,
  author = {Y. Li and Z. Ding},
  title = {Global convergence of fractionally spaced {Godard} {(CMA)} adaptive
	equalizers},
  journal = {IEEE Transactions on Signal Processing},
  year = {1996},
  volume = {44},
  pages = {818-826},
  owner = {Kenji},
  timestamp = {2014.11.18}
}

@ARTICLE{Li2006,
  author = {Y. Li and Amari, S.-I. and Cichocki, A. and Ho, D. W. C. and S. Xie},
  title = {Underdetermined blind source separation based on sparse representation},
  journal = {IEEE Transactions on Signal Processing},
  year = {2006},
  volume = {54},
  pages = {423-437},
  number = {2},
  doi = {10.1109/TSP.2005.861743},
  file = {:2006-Underdetermined blind source separation based on sparse representation.pdf:PDF},
  issn = {1053-587X},
  keywords = {blind source separation;linear programming;signal representation;sparse
	matrices;clustering algorithms;linear programming algorithm;mixing
	matrix;recoverability analysis;sparse representation approach;two-stage
	approach;undetermined blind source separation;Blind source separation;Clustering
	algorithms;Dictionaries;Independent component analysis;Linear programming;Signal
	processing;Signal processing algorithms;Source separation;Sparse
	matrices;Sufficient conditions;Blind source separation (BSS);probability;recoverability;sparse
	representation;wavelet packets}
}

@CONFERENCE{Li2010,
  author = {Y. Li and Y. Zhang and J. Claerbout},
  title = {Geophysical applications of a novel and robust $L_1$ solver},
  booktitle = {Proceedings of the 2010 SEG Annual Meeting},
  year = {2010},
  file = {:2010-Geophysical applications of a novel and robust L1 solver.pdf:PDF},
  owner = {Kenji},
  timestamp = {2013.08.21}
}

@ARTICLE{Lii1982,
  author = {Lii, K. S. and Rosenblatt, M.},
  title = {Deconvolution and estimation of transfer function phase and coefficients
	for nongaussian linear processes},
  journal = {The Annals of Statistics},
  year = {1982},
  volume = {10},
  pages = {1195-1208},
  number = {4},
  abstract = {NonGaussian linear processes are considered. It is shown that the
	phase of the transfer function can be estimated under broad conditions.
	This is not true of Gaussian linear processes and in this sense Gaussian
	linear processes are atypical. The asymptotic behavior of a phase
	estimate is determined. The phase estimates make use of bispectral
	estimates. These ideas are applied to a problem of deconvolution
	which is effective even when the transfer function is not minimum
	phase. A number of computational illustrations are given.},
  copyright = {Copyright ? 1982 Institute of Mathematical Statistics},
  file = {:1982-Deconvolution and estimation of transfer function phase and coefficients for nongaussian.pdf:PDF},
  issn = {00905364},
  jstor_articletype = {research-article},
  jstor_formatteddate = {Dec., 1982},
  language = {English},
  publisher = {Institute of Mathematical Statistics},
  url = {http://www.jstor.org/stable/2240722}
}

@Article{Lin2008,
  author =  {Q.-H. Lin and F.-L. Yin and T.-M. Mei and H. Liang},
  title =   {A blind source separation-based method for multiple images encryption},
  journal = {Image and Vision Computing},
  year =    {2008}
}

@ARTICLE{Lines1977,
  author = {L. R. Lines and J. Ulrych},
  title = {The old and the new in seismic deconvolution and wavelet estimation},
  journal = {Geophysical Prospecting},
  year = {1977},
  volume = {25},
  pages = {512-540},
  file = {:1977-Deconvolution homomorphic or predictive.pdf:PDF;:1977-The old and the new in seismic deconvolution and wavelet estimation.pdf:PDF;:1977-The old and the new in seismic deconvolution and wavelet estimation.pdf:PDF},
  owner = {Kenji},
  timestamp = {2013.10.21}
}

@ARTICLE{Liu2007,
  author = {W. Liu and P. P. Pokharel and J. C. Principe},
  title = {Correntropy: properties and application in non-{G}aussian signal
	processing},
  journal = {IEEE Transactions on Signal Processing},
  year = {2007},
  volume = {55},
  pages = {5286-5298},
  file = {:2007-Correntropy properties and appplications in non-gaussian signal processing.pdf:PDF},
  owner = {Kenji},
  timestamp = {2014.06.10}
}

@CONFERENCE{Lu2003,
  author = {W. Lu and Y. Luo and B. Zhao and Z. Qian},
  title = {Adaptive multiple subtraction using independent component analysis},
  booktitle = {Proceedings of the 2003 SEG Technical Program Expanded Abstracts},
  year = {2003},
  pages = {2048-2051},
  chapter = {521},
  doi = {10.1190/1.1817734},
  eprint = {http://library.seg.org/doi/pdf/10.1190/1.1817734},
  file = {:2003-Adaptive multiple subtraction using independent component analysis.pdf:PDF},
  url = {http://library.seg.org/doi/abs/10.1190/1.1817734}
}

@ARTICLE{Lu2006,
  author = {Lu, W.},
  title = {Adaptive multiple subtraction using independent component analysis},
  journal = {Geophysics},
  year = {2006},
  volume = {71},
  pages = {S179-S184},
  number = {5},
  doi = {10.1190/1.2243682},
  eprint = {http://library.seg.org/doi/pdf/10.1190/1.2243682},
  file = {:2006-Adaptive multiple subtraction using independent component analysis.pdf:PDF},
  url = {http://library.seg.org/doi/abs/10.1190/1.2243682}
}

@TECHREPORT{Lucky1965,
  author = {R. W. Lucky},
  title = {Automatic equalization for digital communication},
  institution = {Bell System Technical Journal, 44:547-588, 4. April 1965 pp},
  year = {1965},
  file = {:1965-Automatic Equalization for Digital Communication.pdf:PDF},
  owner = {Kenji},
  timestamp = {2013.04.01}
}

@TECHREPORT{Lucky1966,
  author = {R. W. Lucky},
  title = {Techniques for adaptive equalization of digital communication systems},
  institution = {Bell System Technical Journal, 45: 255-286, 2. February 1966},
  year = {1966},
  file = {:1966-Techniques for Adaptive Equalization of Digital Communication Systems.pdf:PDF},
  owner = {Kenji},
  timestamp = {2013.04.01}
}

@BOOK{Luenberger2003,
  title = {Linear and nonlinear programming},
  publisher = {Kluwer Academic Publishers},
  year = {2003},
  author = {Luenberger, D. G.},
  edition = {Second edition},
  owner = {Kenji},
  timestamp = {2015.01.26}
}

@ARTICLE{Luengo2003,
  author = {D. Luengo and I. Santamar\'ia and J. Ib\'a\~nez and L. Vielva and
	C. Pantale\'on},
  title = {A fast blind {SIMO} channel identification algorithm for sparse sources},
  journal = {IEEE Signal Processing Letters},
  year = {2003},
  volume = {10},
  pages = {148-151},
  file = {:2003-A fast blind SIMO channel identification algorithm for sparse sources.pdf:PDF},
  owner = {Kenji},
  timestamp = {2014.09.09}
}

@CONFERENCE{Luengo2003b,
  author = {D. Luengo and I. Santamar\'ia and L. Vielva and C. Pantale\'on},
  title = {Underdetermined blind separation of sparse sources with instantaneous
	and convolutive mixtures},
  booktitle = {Proceedings of the XIII Workshop on Neural Networks for Signal Processing},
  year = {2003},
  owner = {Kenji},
  timestamp = {2015.03.31}
}

@CONFERENCE{Luo2009,
  author = {Y. Luo and C. Fu},
  title = {Contrast functions for convolutive {ICA} of complex-valued linear
	processes},
  booktitle = {Proceedings of the 2009 ICIP},
  year = {2009},
  pages = {1-5},
  file = {:2009-Contrast functions for convolutive ICA of complex-valued linear processes.pdf:PDF},
  journal = {International Congress on Image and Signal Processing, 2009},
  owner = {Kenji},
  timestamp = {2014.11.05}
}

@Conference{Macchi1993,
  author =    {O. Macchi and C. A. Faria and J. M. T. Romano},
  title =     {Egalisation adaptive autodidacte par r\'etropr\'ediction et pr\'ediction},
  booktitle = {Proceddings of the Colloque GRETSI},
  year =      {1993}
}

@ARTICLE{Makhoul1975,
  author = {J. Makhoul},
  title = {Linear prediction: a tutorial review},
  journal = {Proceedings of the IEEE},
  year = {1975},
  volume = {63},
  pages = {561-580},
  file = {:1975-Linear Prediction A tutorial review.pdf:PDF},
  owner = {Kenji},
  timestamp = {2014.07.08}
}

@ARTICLE{Malehmir2012,
  author = {Malehmir, A. and Durrheim, R. and Bellefleur, G. and Urosevic, M.
	and Juhlin, C. and White, D. J. and Milkereit, B. and Campbell, G.},
  title = {Seismic methods in mineral exploration and mine planning: a general
	overview of past and present case histories and a look into the future},
  journal = {Geophysics},
  year = {2012},
  volume = {77},
  pages = {WC173-WC190},
  number = {5},
  owner = {Kenji},
  publisher = {Society of Exploration Geophysicists},
  timestamp = {2015.04.10}
}

@ARTICLE{Mannerkoski2001,
  author = {Mannerkoski, J. and Koivunen, V. and Taylor, D.P.},
  title = {Performance bounds for multistep prediction-based blind equalization},
  journal = {IEEE Transactions on Communications},
  year = {2001},
  volume = {49},
  pages = {84-93},
  number = {1},
  doi = {10.1109/26.898253},
  file = {:C\:\\Users\\Kenji\\Dropbox\\Kenji-DROPBOX\\Artigos e textos\\2001-Performance bounds for multistep prediction-based blind equalization.pdf:PDF},
  issn = {0090-6778},
  keywords = {blind equalisers;delays;filtering theory;interference suppression;intersymbol
	interference;mean square error methods;noise;prediction theory;transient
	response;ISI;MSE;additive noise;analytical error bounds;channel impulse
	response;communication channel;energy concentration;interference
	suppression;intersymbol interference;linear prediction-error filters;multistep
	PEF-based algorithms;multistep prediction-based blind equalization;noiseless
	channel;output delay;performance bounds;simulations;small estimation
	error;zero-forcing equalization;Additive noise;Blind equalizers;Colored
	noise;Communication channels;Delay;Filtering;Intersymbol interference;Nonlinear
	filters;Predictive models;Signal processing algorithms}
}

@Book{Markovsky2014,
  title =     {Low-rank approximation: Algorithms, implementation, applications},
  publisher = {Springer},
  year =      {2014},
  author =    {I. Markovsky},
  owner =     {Kenji},
  timestamp = {2016.01.13}
}

@BOOK{Mathews2000,
  title = {Polynomial signal processing},
  publisher = {John Wiley \& Sons},
  year = {2000},
  author = {V. John Mathews and Giovanni L. Sicuranza},
  owner = {Kenji},
  timestamp = {2013.04.01}
}

@Article{Meganen2014,
  author =  {I. Meganem and Y. Deville and S. Hosseini and P. D?liot and X. Briottet},
  title =   {Linear-Quadratic Blind Source Separation Using NMF to Unmix Urban Hyperspectral Images},
  journal = {IEEE Transactions on Signal Processing},
  year =    {2014}
}

@ARTICLE{Mei2008,
  author = {Mei, T. and Mertins A.},
  title = {Convolutive blind source separation based on disjointeness maximization
	of subband signals},
  journal = {IEEE Signal Processing Letters},
  year = {2008},
  volume = {15},
  pages = {725-728},
  owner = {Kenji},
  timestamp = {2015.09.28}
}

@CONFERENCE{Melo2005,
  author = {P. E. M. Melo and M. J. Porsani},
  title = {Deconvolu\c{c}\~ao de volume s\'ismico {3D} utilizando norma $L_p$},
  booktitle = {Proceedings of the IX Congresso Internacional da Sociedade Brasileira
	de Geof\'isica},
  year = {2005},
  address = {Salvador},
  file = {:2005-Deconvolucao de volume s?smico 3D utilizando norma Lp.pdf:PDF},
  owner = {Kenji},
  timestamp = {2013.04.01}
}

@ARTICLE{Mendel1977,
  author = {J. M. Mendel},
  title = {White-noise estimators for seismic data processing in oil exploration},
  journal = {IEEE Transactions on Automatic Control},
  year = {1977},
  volume = {22},
  pages = {694-706},
  file = {:1977-White-noise estimators for seismic data processing in oil exploration.pdf:PDF},
  owner = {Kenji},
  timestamp = {2014.07.25}
}

@ARTICLE{Mendel1988,
  author = {Mendel, J. M.},
  title = {Use of higher-order statistics in signal processing and system theory:
	an update},
  journal = {Proceedings of SPIE},
  year = {1988},
  volume = {0975},
  pages = {126-144},
  doi = {10.1117/12.948499},
  file = {:1988-Use of higher-order statistics in signal processing and system theory.pdf:PDF},
  url = { http://dx.doi.org/10.1117/12.948499}
}

@ARTICLE{Mendel1991,
  author = {J. M. Mendel},
  title = {Tutorial on higher-order statistics (spectra) in signal processing
	and system theory: theoretical results and some applications},
  journal = {Proceedings of the IEEE},
  year = {1991},
  volume = {79},
  pages = {278-305},
  file = {:1991-Tutorial on higher-order statistics (spectra) in signal processing and system theory Theoretical results and some applications.pdf:PDF},
  owner = {Kenji},
  timestamp = {2014.07.25}
}

@CONFERENCE{Merrikh2008,
  author = {F. Merrikh-Bayat and M. Babaie-Zadeh and C. Jutten},
  title = {A nonlinear blind source separation solution for removing the show-through
	effect in the scanned documents},
  booktitle = {Proceedings of the 2008 EUSIPCO},
  year = {2008},
  owner = {Kenji},
  timestamp = {2014.10.20}
}

@CONFERENCE{Min2009,
  author = {Z. Min and L. Weijun and Z. Guoxu and Z. Zhiheng},
  title = {Blind source separation algorithm based on adaptive givens rotations},
  booktitle = {Proceedings of the 2009 ICNC},
  year = {2009},
  file = {:2009-Blind source separation algorithm based on adaptive Givens rotations.pdf:PDF},
  owner = {Kenji},
  timestamp = {2014.05.29}
}

@CONFERENCE{Mishali2009,
  author = {M. Mishali and Y. C. Eldar},
  title = {Sparse source separation from orthogonal mixtures},
  booktitle = {Proceedings of the 2009 ICASSP},
  year = {2009},
  file = {:2009-Sparse source separation from orthogonal mixtures.pdf:PDF},
  owner = {Kenji},
  timestamp = {2014.10.14}
}

@ARTICLE{Misra2007,
  author = {S. Misra and M. D. Sacchi},
  title = {Non-minimum phase wavelet estimation by non-linear optimization of
	all-pass operators},
  journal = {Geophysical Prospecting},
  year = {2007},
  volume = {55},
  pages = {223-234},
  file = {:2007-Non-minimum phase wavelet estimation by non-linear optimization of all-pass operators.pdf:PDF},
  owner = {Kenji},
  timestamp = {2014.07.28}
}

@ARTICLE{Misra2011,
  author = {S. Misra and S. Chopra},
  title = {Mixed-phase wavelet estimation - a case study},
  journal = {CSEG Recorder},
  year = {2011},
  pages = {32-35},
  file = {:2011-Mixed-phase wavelet estimation - A case study.pdf:PDF},
  owner = {Kenji},
  timestamp = {2014.07.28}
}

@ARTICLE{Mitianoudis2003,
  author = {N. Mitianoudis and M. E. Davies},
  title = {Audio source separation of convolutive mixtures},
  journal = {IEEE Transactions on Speech and Audio Processing},
  year = {2003},
  volume = {11},
  pages = {489-497},
  owner = {Kenji},
  timestamp = {2014.11.18}
}

@ARTICLE{Mohimani2009,
  author = {H. Mohimani and M. Babaie-Zadeh and C. Jutten},
  title = {A fast approach for overcomplete decomposition based on smoothed
	$\ell^0$ norm},
  journal = {IEEE Transactions on Signal Processing},
  year = {2009},
  volume = {57},
  pages = {289-301},
  owner = {Kenji},
  timestamp = {2014.02.05}
}

@CONFERENCE{Mourad2009,
  author = {N. Mourad and J. P. Reilly},
  title = {lp minimization for sparse vector rteconstruction},
  booktitle = {Proceedings of the 2009 ICASSP},
  year = {2009},
  file = {:2009-lp minimization for sparse vector reconstruction.pdf:PDF},
  owner = {Kenji},
  timestamp = {2014.05.29}
}

@CONFERENCE{Mourad2010,
  author = {N. Mourad and J. P. Reilly},
  title = {Blind extraction of sparse sources},
  booktitle = {Proceedings of the 2010 ICASSP},
  year = {2010},
  file = {:2010-Blind extraction of the sparsest component.pdf:PDF},
  owner = {Kenji},
  timestamp = {2014.05.29}
}

@CONFERENCE{Nadalin2010,
  author = {Nadalin, Everton Z. and Takahata, A. K. and Duarte, L. T. and Suyama,
	R. and Attux, R.},
  title = {Blind extraction of the sparsest component},
  booktitle = {Proceedings of the 2010 International Conference on Latent Variable
	Analysis and Signal Separation},
  year = {2010},
  series = {LVA/ICA'10},
  pages = {394--401},
  address = {Berlin, Heidelberg},
  publisher = {Springer-Verlag},
  acmid = {1929199},
  file = {:2010-Blind extraction of the sparsest component.pdf:PDF},
  isbn = {3-642-15994-X, 978-3-642-15994-7},
  location = {St. Malo, France},
  numpages = {8},
  owner = {Kenji},
  timestamp = {2014.11.18},
  url = {http://dl.acm.org/citation.cfm?id=1929142.1929199}
}

@PHDTHESIS{Nadalin2011,
  author = {E. Z. Nadalin},
  title = {Contirbui\c{c}\~oes ao problema de separa\c{c}\~ao cega de fontes,
	com \^enfase no estudo de sinais esparsos},
  school = {Faculdade de engenharia el\'etrica e de computa\c{c}\~ao, Universidade
	de Campinas},
  year = {2011},
  file = {:2011-Contribuicoes ao problema de separacao cega de fontes.pdf:PDF},
  owner = {Kenji},
  timestamp = {2014.05.28}
}

@ARTICLE{Nadarajah2005,
  author = {S. Nadarajah},
  title = {A generalized normal distribution},
  journal = {Journal of Applied Statistics},
  year = {2005},
  volume = {32},
  pages = {685-694},
  owner = {Kenji},
  timestamp = {2014.02.25}
}

@ARTICLE{Nandi1997,
  author = {A. K. Nandi and D. Mampel and B. Roscher},
  title = {Blind deconvolution of ultrasonic signal in nondestructive testing
	applications},
  journal = {IEEE Transactions on Signal Processing},
  year = {1997},
  volume = {45},
  pages = {1382-1390},
  file = {:1997-Blind deconvolution of ultrasonic signals in nondestructive testing applications.pdf:PDF},
  owner = {Kenji},
  timestamp = {2013.10.21}
}

@Article{Naqvi2010,
  author =  {S. M. Naqvi and M. Yu and J. A. Chambers},
  title =   {A Multimodal Approach to Blind Source Separation of Moving Sources},
  journal = {IEEE Journal of Selected Topics in Signal Processing},
  year =    {2010}
}

@ARTICLE{Nikias1987,
  author = {C. L. Nikias and M. R. Raghuveer},
  title = {Bispectrum estimation: a digital signal processing framework},
  journal = {Proceedings of the IEEE},
  year = {1987},
  volume = {75},
  pages = {869-891},
  file = {:1987-Bispectrum estimation.pdf:PDF},
  owner = {Kenji},
  timestamp = {2014.07.25}
}

@ARTICLE{Nose-Filho2011,
  author = {Nose-Filho, K. and Lotufo, A. D. P. and Minussi, C. R.},
  title = {Short-term multinodal load forecasting using a modified general regression
	neural network},
  journal = {IEEE Transactions on Power Delivery},
  year = {2011},
  volume = {26},
  pages = {2862-2869},
  number = {4},
  doi = {10.1109/TPWRD.2011.2166566},
  file = {:2011-Short-Term Multinodal Load Forecasting Using a Modified General Regression Neural Network.pdf:PDF},
  issn = {0885-8977},
  keywords = {distribution networks;load forecasting;neural nets;power engineering
	computing;New Zealand distribution subsystem;artificial neural networks;bus
	load forecasting;electrical network system;modified general regression
	neural network;short-term multinodal load forecasting;short-time
	processing;Artificial neural networks;Forecasting;Load forecasting;Load
	modeling;Substations;Bus load forecasting;data preprocessing;general
	regression neural network (GRNN);short-term load forecasting},
  owner = {Kenji},
  timestamp = {2014.11.18}
}

@CONFERENCE{Nose-Filho2012,
  author = {K. Nose-Filho and L. T. Duarte and R. R. F. Attux and E. Nadalin
	and R. Ferrari and J. M. T. Romano},
  title = {Sobre filtragem $L_p$},
  booktitle = {Proceedings of the XXX Simp\'{o}sio Brasileiro de Telecomunica\c{c}\~{o}es},
  year = {2012},
  owner = {Kenji},
  timestamp = {2014.03.17}
}

@CONFERENCE{Nose-Filho2012b,
  author = {K. Nose-Filho and J. M. T. Romano},
  title = {Identifica\c{c}\~ao de sistemas lineares utilizando normas Lp},
  booktitle = {Proceedings of the III Simp\' osio de Processamento de Sinais da
	UNICAMP},
  year = {2012},
  owner = {Kenji},
  timestamp = {2015.03.18}
}

@CONFERENCE{Nose-Filho2013,
  author = {K. Nose-Filho and D. G. Fantinato and R. Attux and A. Neves and J.
	M. T. Romano},
  title = {A novel entropy-based equalization performance measure and relations
	to $L_{p}$-norm deconvolution},
  booktitle = {Proceedings of the XXXI Simp\'{o}sio Brasileiro de Telecomunica\c{c}\~{o}es},
  year = {2013},
  owner = {Kenji},
  timestamp = {2014.03.17}
}

@CONFERENCE{Nose-Filho2013b,
  author = {K. Nose-Filho and A. K. Takahata and R. Lopes and J. M. T. Romano},
  title = {Desconvolu\c{c}\~{a}o esparsa: Aplica\c{c}\~{a}o em desconvolu\c{c}\~{a}o
	s\'{i}smica},
  booktitle = {Proceedings of the IV Simp\' osio de Processamento de Sinais da UNICAMP},
  year = {2013},
  owner = {Kenji},
  timestamp = {2015.05.29}
}

@CONFERENCE{Nose-Filho2014a,
  author = {K. Nose-Filho and C. Jutten and J. M. T. Romano},
  title = {Sparse blind deconvolution based on scale invariant smoothed $\ell_0$-norm},
  booktitle = {Proceedings of the 2014 EUSIPCO},
  year = {2014},
  owner = {Kenji},
  timestamp = {2015.01.15}
}

@CONFERENCE{Nose-Filho2014b,
  author = {K. Nose-Filho and J. M. T. Romano},
  title = {On $\ell_p$-norm sparse blind deconvolution},
  booktitle = {Proceedings of the 2014 MLSP},
  year = {2014},
  owner = {Kenji},
  timestamp = {2015.01.15}
}

@CONFERENCE{Nose-Filho2014c,
  author = {K. Nose-Filho and J. M. T. Romano},
  title = {Sobre m\'{e}todos n\~{a}o supervisionados de desconvolu\c{c}\~{a}o},
  booktitle = {Proceedings of the V Simp\' osio de Processamento de Sinais da UNICAMP},
  year = {2014},
  owner = {Kenji},
  timestamp = {2015.05.29}
}

@PHDTHESIS{Nose-Filho2015b,
  author = {K. Nose-Filho},
  title = {Desconvolu\c{c}\~ao e separa\c{c}\~ao cega de sinais esparsos e aplica\c{c}\~oes
	em s\'ismica de reflex\~ao},
  school = {Faculdade de engenharia el\'etrica e de computa\c{c}\~ao, Universidade
	de Campinas},
  year = {2015},
  owner = {Kenji},
  timestamp = {2015.10.01}
}

@Article{Nose-Filho2016a,
  author =    {Nose-Filho, K. and Takahata, A.K. and Lopes, R. and Romano, J.M.T.},
  title =     {A fast algorithm for sparse multichannel blind deconvolution},
  journal =   {Geophysics},
  year =      {2016},
  owner =     {Kenji},
  timestamp = {2015.08.12}
}

@Article{Nose-Filho2016b,
  author =  {K. Nose-Filho and L. T. Duarte and J. M. T. Romano},
  title =   {Criteria and methods for disjoint component analysis},
  journal = {IEEE Transactions on Signal Processing},
  year =    {Submitted in january 2016}
}

@Conference{Nose-Filho2016c,
  author =    {K. Nose-Filho and J. M. T. Romano},
  title =     {Low-rank decomposition based on disjoint component analysis},
  booktitle = {Proceedings of the 2016 EUSIPCO},
  year =      {Submitted in february 2016}
}

@InProceedings{Nose-Filho2016d,
  author =    {Nose-Filho, K. and Romano, J.M.T.},
  title =     {Adaptive sparse linear prediction: A promising tool for blind deconvolution},
  booktitle = {Proceedings of the 2016 SAM},
  year =      {Submitted in march 2016}
}

@ARTICLE{Nsiri2007,
  author = {B. Nsiri and T. Chonavel and J.-M. Boucher and H. Nouz\'e},
  title = {Blind submarine seismic deconvolution for long source wavelets},
  journal = {IEEE Journal of Oceanic Engineering},
  year = {2007},
  volume = {32},
  pages = {729-743},
  file = {:2007-Blind submarine seismic deconvolution for long source wavelets.pdf:PDF},
  owner = {Kenji},
  timestamp = {2014.07.08}
}

@ARTICLE{OBrien1994,
  author = {M. S. O'Brien and A. N. Sinclair and S. M. Kramer},
  title = {Recovery of a sparse spike time series by $L_1$ norm deconvolution},
  journal = {IEEE Transactions on Signal Processing},
  year = {1994},
  volume = {42},
  pages = {3353-3365},
  file = {:1994-Recovery  of  a Sparse Spike Time Series by L1 Norm Deconvolution.pdf:PDF},
  owner = {Kenji},
  timestamp = {2014.02.05}
}

@CONFERENCE{OGrady2004,
  author = {P. D. O{`}Grady and B. A. Pearlmutter},
  title = {{Hard-LOST}: modified k-means for oriented lines},
  booktitle = {Proceedings of the 2004 ISSC},
  year = {2004},
  address = {Belfast},
  file = {:2004-Hard-LOST Modified k-Means for Oriented Lines.pdf:PDF},
  owner = {Kenji},
  timestamp = {2013.04.01}
}

@ARTICLE{OGrady2005,
  author = {P. D. O{`}grady and B. A. Pearlmutter and S. Rickard},
  title = {Survey of sparse and non-sparse methods in source separation},
  journal = {International Journal of Imaging Systems and Technology},
  year = {2005},
  volume = {15},
  pages = {18-33},
  file = {:2005-Survey of sparse and non-sparse methods in source separation.pdf:PDF}
}

@ARTICLE{Oja2007,
  author = {E. Oja and Z. Yuan},
  title = {The {FastICA} algortihm revisited: convergence analysis},
  journal = {IEEE Transactions on Neural Networks},
  year = {2006},
  volume = {17},
  pages = {1370-1381},
  file = {:2007-The FastICA algortihm revisited Convergence analysis.pdf:PDF},
  owner = {Kenji},
  timestamp = {2014.10.14}
}

@ARTICLE{Ooe1979,
  author = {M. Ooe and T. J. Ulrych},
  title = {Minimum entropy deconvolution with an exponential transformation},
  journal = {Geophysical Prospecting},
  year = {1979},
  volume = {27},
  pages = {458-473},
  file = {:1979-Minimum entropy deconvolution with an exponential transformation.pdf:PDF},
  owner = {Kenji},
  timestamp = {2013.10.21}
}

@Conference{Ophir2007,
  author =    {B. Ophir and D. Malah},
  title =     {Show-Through Cancellation in Scanned Images using Blind Source Separation Techniques},
  booktitle = {IEEE International Coneference on Image Processing},
  year =      {2007}
}

@TECHREPORT{Oppenheim1965b,
  author = {Alan V. Oppenheim},
  title = {Optimum homomorphic filters},
  institution = {Research Lab. of Electronics MIT, Quart. Progr. Rep. 77:248-260},
  year = {1965},
  owner = {Kenji},
  timestamp = {2013.04.01}
}

@PHDTHESIS{Oppenhein1964,
  author = {A. V. Oppenhein},
  title = {Superposition in a class of nonlinear systems},
  school = {Massachusetts Institute of Technology},
  year = {1964},
  address = {Cambridge, MA},
  owner = {Kenji},
  timestamp = {2014.07.25}
}

@TECHREPORT{Oppenhein1965a,
  author = {Alan V. Oppenheim},
  title = {Superposition in a class of nonlinear systems},
  institution = {Research Lab. of Electronics MIT, Tech. Rep. 432},
  year = {1965},
  file = {:1965-Superposition in a class of nonlinear systems.pdf:PDF},
  owner = {Kenji},
  timestamp = {2013.04.01}
}

@BOOK{Oppenhein1996,
  title = {Signals and systems},
  publisher = {Prentice Hall},
  year = {1996},
  author = {A. V. Oppenhein and A. S. Willsky and S. H. Nawab},
  owner = {Kenji},
  timestamp = {2015.02.10}
}

@ARTICLE{Ott1972,
  author = {N. Ott and H. G. Meder},
  title = {The {Kalman} filter as a prediction error filter},
  journal = {Geophysical Prospecting},
  year = {1972},
  volume = {20},
  pages = {549-560},
  file = {:1972-The Kalman filter as a prediction error filter.pdf:PDF},
  owner = {Kenji},
  timestamp = {2014.07.25}
}

@ARTICLE{Pakula1983,
  author = {L. Pakula and S. Kay},
  title = {Simple proofs of the minimum phase property of the prediction error
	filter},
  journal = {IEEE Transactions on Acoustic, Speech and Signal Processing},
  year = {1983},
  volume = {ASSP-31},
  pages = {501},
  file = {:1983-Simple proofs of the minimum phase property of the prediction error filter.pdf:PDF},
  owner = {Kenji},
  timestamp = {2014.07.25}
}

@ARTICLE{Parzen1962,
  author = {E. Parzen},
  title = {On estimation of a probability density function and mode},
  journal = {The Annals of Mathematical Statistics},
  year = {1962},
  volume = {33},
  pages = {1065-1076},
  owner = {Kenji},
  timestamp = {2014.06.10}
}

@ARTICLE{Peacock1969,
  author = {K. L. Peacock and S. Treitel},
  title = {Predictive deconvolution: theory and practice},
  journal = {Geophysics},
  year = {1969},
  volume = {34},
  pages = {155-169},
  file = {:1969-Predictive deconvolution theory and practice.pdf:PDF},
  owner = {Kenji},
  timestamp = {2013.10.21}
}

@TECHREPORT{Pflug1998,
  author = {L. A. Pflug and M. K. Broadhead},
  title = {Alternate norms for the {C}abrelli and {W}iggins blind deconvolution
	algorithms},
  institution = {Naval Research Laboratory},
  year = {1998},
  file = {:1998-Alterante norms for the Cabrelli and Wiggins blind deconvolution algorithms.pdf:PDF},
  owner = {Kenji},
  timestamp = {2013.10.21}
}

@Article{Pham2014,
  author =  {M. Q. Pham and L. Duval and C. Chaux and J-C. Pesquet},
  title =   {A primal-dual proximal algorithm for sparse template-based adaptive filtering: application to seismic multiple removal},
  journal = {IEEE Transactions on Signal Processing},
  year =    {2014}
}

@ARTICLE{Porsani1998,
  author = {M. J. Porsani and B. Ursin},
  title = {Mixed phase deconvolution},
  journal = {Geophysics},
  year = {1998},
  volume = {63},
  pages = {637-647},
  owner = {Kenji},
  timestamp = {2015.01.30}
}

@ARTICLE{Porsani2000,
  author = {M. J. Porsani and B. Ursin},
  title = {Mixed-phase deconvolution and wavelet estimation},
  journal = {The Leading Edge},
  year = {2000},
  volume = {19},
  pages = {76-79},
  file = {:2000-Mixed-phase deconvolution and wavelet estimation.pdf:PDF},
  owner = {Kenji},
  timestamp = {2014.07.28}
}

@ARTICLE{Porsani2003,
  author = {M. J. Porsani and P. E. M. de Melo and T. J. Ulrych},
  title = {Highly resolved deconvolution via a sparsity norm},
  journal = {Journal of Seismic Exploration},
  year = {2003},
  volume = {12},
  pages = {127-140},
  file = {:2003-Highly resolved deconvolution via a sparsity norm.pdf:PDF},
  owner = {Kenji},
  timestamp = {2014.07.28}
}

@ARTICLE{Porsani2010,
  author = {M. J. Porsani and M. G Silva and P. E. M. Melo and B. Ursin},
  title = {{SVD} filtering applied to ground-roll attenuation},
  journal = {Journal of Geophysics and Engineering},
  year = {2010},
  volume = {7},
  pages = {284-289},
  owner = {Kenji},
  timestamp = {2015.04.08}
}

@BOOK{Press2007,
  title = {Numerical recipes: the art of scientific computing},
  publisher = {Cambridge},
  year = {2007},
  author = {W. H. Press and S. A. Teukolsky and W. T. Vetterling and B. P. Flannery},
  file = {:2007-Numerical recipes The art of scientific computing.pdf:PDF},
  owner = {Kenji},
  timestamp = {2014.05.30}
}

@BOOK{Principe2010,
  title = {Information theoretic learning: {R}enyi's entropy and {K}ernel perspectives},
  publisher = {Springer},
  year = {2010},
  author = {Jos{\'e} C. Principe},
  file = {:2010-Information Theoretic Learning\\1.pdf:PDF},
  owner = {Kenji},
  timestamp = {2013.04.01}
}

@Book{Proakis2001,
  title =     {Intersymbol interference in digital communication systems},
  publisher = {Wiley Online Library},
  year =      {2001},
  author =    {J. G. Proakis}
}

@ARTICLE{Ram2010,
  author = {I. Ram and I. Cohen and S. Raz},
  title = {Multichannel deconvolution of seismic signals using statistical {MCMC}
	methods},
  journal = {IEEE Transactions on Signal Processing},
  year = {2010},
  volume = {58},
  pages = {2757-2770},
  file = {:C\:\\Users\\Kenji\\Dropbox\\Kenji-DROPBOX\\Artigos e textos\\JabRef\\2010-Multichannel deconvolution of seismic signals using statistical mcmc methods.pdf:PDF},
  owner = {Kenji},
  timestamp = {2014.11.18}
}

@Article{Raulin1982,
  author =  {J.-M. Raulin and G. Bonnerot and J.-L. Jeandot and R. Lacroix},
  title =   {A 60 Channel {PCM-ADPCM} Converter},
  journal = {IEEE Transactions on Communications},
  year =    {1982},
  volume =  {COM-30},
  number =  {4},
  pages =   {567-573}
}

@ARTICLE{Repetti2015,
  author = {A. Repetti and M. Q. Pham and L. Duval and Em Chouzenoux and J-C.
	Pesquet},
  title = {Euclid in a {Taxicab}: sparse blind deconvolution with smoothed l1/l2
	regularization},
  journal = {IEEE Signal Processing Letters},
  year = {2015},
  volume = {22},
  pages = {539-543},
  file = {:2014-Euclid in a Taxicab Sparse blind deconvolution with smoothed l1l2 regularization.pdf:PDF},
  owner = {Kenji},
  timestamp = {2014.07.28},
  url = {http://arxiv.org/abs/1407.5465}
}

@ARTICLE{Rice1964,
  author = {Rice, John R. and White, John S.},
  title = {Norms for smoothing and estimation},
  journal = {SIAM Review},
  year = {1964},
  volume = {6},
  pages = {pp. 243-256},
  number = {3},
  copyright = {Copyright ? 1964 Society for Industrial and Applied Mathematics},
  file = {:1964-Norms for smoothing and estimation.pdf:PDF},
  issn = {00361445},
  jstor_articletype = {research-article},
  jstor_formatteddate = {Jul., 1964},
  language = {English},
  publisher = {Society for Industrial and Applied Mathematics},
  url = {http://www.jstor.org/stable/2027590}
}

@CONFERENCE{Rickard2002,
  author = {Rickard, S. and Yilmaz, O.},
  title = {On the approximate {W}-disjoint orthogonality of speech},
  booktitle = {Proceedings of the 2002 ICASSP},
  year = {2002},
  volume = {1},
  pages = {I-529-I-532},
  doi = {10.1109/ICASSP.2002.5743771},
  file = {:2002-On the approximate W-disjoint orthogonality of speech.pdf:PDF},
  issn = {1520-6149},
  keywords = {Delay;Speech;Transforms}
}

@CONFERENCE{Rickard2006,
  author = {S. Rickard},
  title = {Sparse sources are separated sources},
  booktitle = {Proceedings of the 2006 EUSIPCO},
  year = {2006},
  address = {Florence, Italy},
  file = {:2006-Sparse sources are separated sources.pdf:PDF},
  owner = {Kenji},
  timestamp = {2013.04.01}
}

@ARTICLE{Rietsch1997a,
  author = {E. Rietsch},
  title = {Euclid and the art of wavelet estimation, {part I}: basic algorithm
	for noise-free data},
  journal = {Geophysics},
  year = {1997},
  volume = {62},
  pages = {1931-1938},
  owner = {Kenji},
  timestamp = {2015.01.21}
}

@ARTICLE{Rietsch1997b,
  author = {E. Rietsch},
  title = {Euclid and the art of wavelet estimation, {part II}: robust algorithm
	and field-data examples},
  journal = {Geophysics},
  year = {1997},
  volume = {62},
  pages = {1939-1946},
  owner = {Kenji},
  timestamp = {2015.01.21}
}

@PHDTHESIS{Robinson1954,
  author = {E. A. Robinson},
  title = {Predictive decomposition of time series with applications to seismic
	exploration},
  school = {Massachusetts Institute of Technology},
  year = {1954},
  file = {:1954-Predictive decomposition of time series with applications to seismic exploration.pdf:PDF},
  owner = {Kenji},
  timestamp = {2013.04.02}
}

@PHDTHESIS{Rocha1996,
  author = {C. A. F. da Rocha},
  title = {T\'ecnicas prditivas para equaliza\c{c}\~ao autodidata},
  school = {Faculdade de engenharia el\'etrica e de computa\c{c}\~ao, Universidade
	de Campinas},
  year = {1996},
  file = {:1996-Tecnicas preditivas para equalizacao autodidata.pdf:PDF},
  owner = {Kenji},
  timestamp = {2014.08.04}
}

@CONFERENCE{RochaJunior2011,
  author = {D. C. Rocha-Junior and M. J. Porsani},
  title = {Deconvolu\c{c}\~ao iterativa de dados s\'ismicos com norma Lp},
  booktitle = {Proceedings of the 2011 International Congress of the Brazilian Geophysical
	Society},
  year = {2011},
  file = {:2011-Deconvolucao iterativa de dados s?smicos com norma Lp.pdf:PDF},
  owner = {Kenji},
  timestamp = {2013.10.21}
}

@Conference{Romano1986,
  author =    {J. M. T. Romano and M. Bellanger},
  title =     {Zeros and Poles of Linear Prediction Digital Filter},
  booktitle = {Proceedings of the 1986 EUSIPCO},
  year =      {1986}
}

@BOOK{Romano2011,
  title = {Unsupervised signal processing: channel equalization and source separation},
  publisher = {CRC Press},
  year = {2011},
  author = {J. M. T. Romano and R. Attux and C. C. Cavalcante and R. Suyama},
  owner = {Kenji},
  timestamp = {2013.04.01}
}

@ARTICLE{Rosec2003,
  author = {O. Rosec and M. Boucher and B. Nsiri and T. Chonavel},
  title = {Blind marine seismic deconvolution using statistical {MCMC} methods},
  journal = {IEEE Journal of Oceanic Engineering},
  year = {2003},
  volume = {28},
  pages = {502-512},
  file = {:2003-Blind Marine Seismic Deconvolution Using Statistical MCMC Methods.pdf:PDF},
  owner = {Kenji},
  timestamp = {2014.02.05}
}

@ARTICLE{Sacchi1997,
  author = {Sacchi, Mauricio D.},
  title = {Reweighting strategies in seismic deconvolution},
  journal = {Geophysical Journal International},
  year = {1997},
  volume = {129},
  pages = {651-656},
  number = {3},
  doi = {10.1111/j.1365-246X.1997.tb04500.x},
  file = {:1997-Reweighting strategies in seismic deconvolution.pdf:PDF},
  issn = {1365-246X},
  keywords = {broadband, Green's functions, inversion, numerical techniques, seismic
	reflection, seismograms},
  publisher = {Blackwell Publishing Ltd},
  url = {http://dx.doi.org/10.1111/j.1365-246X.1997.tb04500.x}
}

@ARTICLE{Sano1993,
  author = {A. Sano},
  title = {Optimally regularized inverse of singular value decomporition and
	application to signal extrapolation},
  journal = {Signal Processing},
  year = {1993},
  volume = {30},
  pages = {163-176},
  owner = {Kenji},
  timestamp = {2016.01.13}
}

@ARTICLE{Sato1975,
  author = {Sato, Y.},
  title = {A method of self-recovering equalization for multilevel amplitude-modulation
	systems},
  journal = {IEEE Transactions on Communications},
  year = {1975},
  volume = {23},
  pages = {679-682},
  number = {6},
  doi = {10.1109/TCOM.1975.1092854},
  file = {:1975-A method of self-recovering equalization for multi-level amplitude modulation.pdf:PDF},
  issn = {0090-6778},
  keywords = {ASK communication;Adaptive equalizers;Adaptive equalizers;Circuits;Convergence;Data
	communication;Frequency division multiplexing;Multilevel systems;Phase
	change materials;Receivers;Time division multiplexing;Voltage},
  owner = {Kenji},
  timestamp = {2014.11.18}
}

@BOOK{Sayed2003,
  title = {Fundamentals of adaptive filtering},
  publisher = {Wiley},
  year = {2003},
  author = {A. H. Sayed},
  owner = {Kenji},
  timestamp = {2014.03.17}
}

@ARTICLE{scales1988fast,
  author = {Scales, J. A. and Gersztenkorn, A. and Treitel, S.},
  title = {Fast $I_p$ solution of large, sparse, linear systems: application
	to seismic travel time tomography},
  journal = {Journal of Computational Physics},
  year = {1988},
  volume = {75},
  pages = {314--333},
  number = {2},
  publisher = {Elsevier}
}

@BOOK{Scales1997,
  title = {Introductory geophysical inverse theory},
  publisher = {Samizdat Press},
  year = {1997},
  author = {J. A. Scales and M. L. Smith and S. Treitel},
  file = {:1997-Introductory Geophysical Inverse Theory.pdf:PDF},
  owner = {Kenji},
  timestamp = {2013.04.01}
}

@ARTICLE{Scargle1977,
  author = {Scargle, J. D.},
  title = {Absolute value optimization to estimate phase properties of stochastic
	time series},
  journal = {IEEE Transactions on Information Theory},
  year = {1977},
  volume = {23},
  pages = {140-143},
  number = {1},
  doi = {10.1109/TIT.1977.1055668},
  file = {:1977-Absolute value optimization to estimate phase properties of stochastic time series.pdf:PDF},
  issn = {0018-9448},
  keywords = {Autoregressive processes;Deconvolution;Moving-average processes;Phase
	estimation;Time series;Astrophysics;Autocorrelation;Deconvolution;Delay
	effects;Filters;Phase estimation;Radiofrequency interference;Random
	processes;Stochastic processes;Technological innovation}
}

@ELECTRONIC{Schleicher2012,
  author = {K. Schleicher},
  year = {2012},
  title = {Open data/open source: seismic unix scripts to process a 2D land
	line},
  url = {http://www.reproducibility.org/RSF/book/data/alaska/},
  owner = {Kenji},
  timestamp = {2015.05.04}
}

@ARTICLE{Sengbush1961,
  author = {R. L. Sengbush and P. L. Lawrence and F. J. McDonal},
  title = {Interpretation of synthetic seismograms},
  journal = {Geophysics},
  year = {1961},
  volume = {26},
  pages = {138-157},
  file = {:1961-Interpretation of synthetic seismograms.pdf:PDF},
  owner = {Kenji},
  timestamp = {2014.07.08}
}

@ARTICLE{Shalvi1990a,
  author = {O. Shalvi and E. Weinstein},
  title = {New criteria for blind deconvolution of nonminimun phase systems
	(channels)},
  journal = {IEEE Transactions on Information Theory},
  year = {1990},
  volume = {36},
  pages = {312-321},
  file = {:1990-New criteria for blind deconvolution of nonminimum phase systems.pdf:PDF},
  owner = {Kenji},
  timestamp = {2013.10.21}
}

@TECHREPORT{Shalvi1990b,
  author = {O. Shalvi and E. Weinstein},
  title = {Universal criteria for blind deconvolution},
  institution = {Woods Hole Oceanographic Institution},
  year = {1990},
  file = {:1990-Universal Criteria for Blind Deconvolution.pdf:PDF},
  owner = {Kenji},
  timestamp = {2013.04.01}
}

@ARTICLE{Shalvi1993,
  author = {Shalvi, O. and Weinstein, E.},
  title = {Super-exponential methods for blind deconvolution},
  journal = {IEEE Transactions on Information Theory},
  year = {1993},
  volume = {39},
  pages = {504-519},
  number = {2},
  doi = {10.1109/18.212280},
  file = {:1993-Super-exponential methods for blind deconvolution.pdf:PDF},
  issn = {0018-9448},
  keywords = {convergence of numerical methods;equalisers;information theory;intersymbol
	interference;iterative methods;parameter estimation;signal processing;adaptive
	equalization;additive noise;blind deconvolution;convergence;equalizer;intersymbol
	interference;iterative methods;nonminimum-phase linear system;recursive
	algorithms;sequential algorithms;time-varying systems;Additive noise;Deconvolution;Distributed
	computing;Equalizers;Intersymbol interference;Iterative methods;Linear
	systems;Performance analysis;Prediction methods;Real time systems}
}

@BOOK{Sheriff,
  title = {Encyclopedic dictionary of applied geophysics},
  publisher = {SEG, 4th Edition},
  year = {1991},
  author = {R. E. Sheriff},
  owner = {Kenji},
  timestamp = {2015.04.22}
}

@BOOK{Sheriff1995,
  title = {Exploratory seismology},
  publisher = {Cambridge University Press},
  year = {1995},
  author = {R. E. Sheriff and L. P. Geldart},
  owner = {Kenji},
  timestamp = {2015.04.08}
}

@ARTICLE{Silver1987,
  author = {N. C. Silver and W. P. Dunlap},
  title = {Averaging correlation coefficients: should {Ficher's} z transformation
	be used?},
  journal = {Journal of applied psychology},
  year = {1987},
  volume = {72},
  pages = {146-148},
  owner = {Kenji},
  timestamp = {2015.05.25}
}

@CONFERENCE{Slock1995,
  author = {Slock, D. T. M. and Padias, C. B.},
  title = {Further results on blind identification and equalization of multiple
	{FIR} channels},
  booktitle = {Proceedings of the 1995 ICASSP},
  year = {1995},
  volume = {3},
  pages = {1964-1967 vol.3},
  doi = {10.1109/ICASSP.1995.480601},
  file = {:C\:\\Users\\Kenji\\Dropbox\\Kenji-DROPBOX\\Artigos e textos\\1995-Further Results on Blind Identification and Equalization of Multiple FIR Channels.pdf:PDF},
  issn = {1520-6149},
  keywords = {FIR filters;adaptive equalisers;adaptive estimation;adaptive filters;digital
	filters;maximum likelihood estimation;prediction theory;signal sampling;telecommunication
	channels;DML problem;adaptive filtering;blind equalization;blind
	identification;deterministic maximum likelihood channel estimation
	problem;minimal parameterization;multiple FIR channels;multiple antennas;noise
	subspace;noise-free linear prediction;oversampling;robustifying modifications;Adaptive
	filters;Blind equalizers;Channel estimation;Covariance matrix;Equations;Finite
	impulse response filter;Log periodic antennas;Maximum likelihood
	estimation;Noise robustness;Receiving antennas}
}

@ARTICLE{Soussen2011,
  author = {C. Soussen and J. Idier and D. Brie and J. Duan},
  title = {From Bernoulli-Gaussian deconvolution to sparse signal restoration},
  journal = {IEEE Transactions on Signal Processing},
  year = {2011},
  volume = {59},
  pages = {4572-4584},
  file = {:2011-From Bernoulli-Gaussian deconvolution to sparse signal restoration.pdf:PDF},
  owner = {Kenji},
  timestamp = {2014.07.08}
}

@ARTICLE{Specht1991,
  author = {D. F. Specht},
  title = {A general regression neural network},
  journal = {IEEE Transactions on Neural Networks},
  year = {1991},
  volume = {2},
  pages = {568-576},
  file = {:1991-A general regression neural network.pdf:PDF},
  owner = {Kenji},
  timestamp = {2014.06.10}
}

@ARTICLE{Stigler1981,
  author = {S. M. Stigler},
  title = {Gauss and the invention of least squares},
  journal = {The Annals of Statistics},
  year = {1981},
  volume = {9},
  pages = {465-474},
  file = {:1981-Gauss and the invention of least squares.pdf:PDF},
  owner = {Kenji},
  timestamp = {2014.07.25}
}

@ARTICLE{Stoffa1974a,
  author = {P. L. Stoffa and P. Buhl and G. M. Bryan},
  title = {The application of homomorphic deconvolution to shallow-water marine
	seismology - part I: models},
  journal = {Geophysics},
  year = {1974},
  volume = {39},
  pages = {401-416},
  file = {:1974-The application of homomorphic deconvolution to shallow-water marine seismology - part 1.pdf:PDF},
  owner = {Kenji},
  timestamp = {2014.07.25}
}

@ARTICLE{Stoffa1974b,
  author = {P. L. Stoffa and P. Buhl and G. M. Bryan},
  title = {The application of homomorphic deconvolution to shallow-water marine
	seismology - part II: real data},
  journal = {Geophysics},
  year = {1974},
  volume = {39},
  pages = {401-416},
  file = {:1974-The application of homomorphic deconvolution to shallow-water marine seismology - part 2.pdf:PDF},
  owner = {Kenji},
  timestamp = {2014.07.25}
}

@ARTICLE{Stone1984,
  author = {Stone, D.G.},
  title = {Wavelet estimation},
  journal = {Proceedings of the IEEE},
  year = {1984},
  volume = {72},
  pages = {1394-1402},
  number = {10},
  doi = {10.1109/PROC.1984.13026},
  file = {:1984-Wavelet estimation.pdf:PDF},
  issn = {0018-9219},
  keywords = {Acoustic reflection;Convolution;Earth;Filters;Frequency;Geologic measurements;Hydrocarbons;Seismic
	measurements;Shape;Surface waves}
}

@ARTICLE{Sutti1977,
  author = {Sutti, C.},
  title = {Convergence proof of minimization algorithms for nonconvex functions},
  journal = {Journal of Optimization Theory and Applications},
  year = {1977},
  volume = {23},
  pages = {203-210},
  file = {:1977-Convergence proof of minimization algorithms for nonconvex functions.pdf:PDF},
  owner = {Kenji},
  timestamp = {2014.10.14}
}

@ARTICLE{Takahata2012,
  author = {A. K. Takahata and E. Z. Nadalin and R. Ferrari and L. T. Duarte
	and R. Suyama and R. R. Lopes and J. M. T. Romano and M. Tygel},
  title = {Unsupervised processing of geophysical signals},
  journal = {IEEE Signal Processing Magazine},
  year = {2012},
  volume = {27},
  pages = {27-35},
  file = {:2012-Unsupervised processing of geophysical signals.pdf:PDF},
  owner = {Kenji},
  timestamp = {2014.02.05}
}

@CONFERENCE{Takigawa2004,
  author = {I. Takigawa and M. Kudo and A. Nakamura and J. Toyama},
  title = {On the minimum $\ell_1$-norm signal recovery in underdetermined source
	separation},
  booktitle = {Proceedings of the 2004 International Conference on Independent Component
	Analysis},
  year = {2004},
  owner = {Kenji},
  timestamp = {2015.03.11}
}

@BOOK{Tarantola2005,
  title = {Inverse problem theory and methods for model parameter estimation},
  publisher = {SIAM},
  year = {2005},
  author = {Albert Tarantola},
  file = {:2005-Inverse Problem Theory.pdf:PDF},
  owner = {Kenji},
  timestamp = {2013.04.01}
}

@MASTERSTHESIS{Tavares2007,
  author = {P. L. Tavares},
  title = {Desconvolu\c{c}\~ao multicanal em dados s\'ismicos baseada em algoritmos
	de qualiza\c{c}\~ao cega de sistemas de comunica\c{c}\~ao digital},
  school = {COPPE/UFRJ},
  year = {2007},
  owner = {Kenji},
  timestamp = {2015.04.22}
}

@ARTICLE{Taylor1979,
  author = {Taylor, H. and Banks, S. and McCoy, J.},
  title = {Deconvolution with the $L_1$ norm},
  journal = {Geophysics},
  year = {1979},
  volume = {44},
  pages = {39-52},
  number = {1},
  doi = {10.1190/1.1440921},
  eprint = {http://library.seg.org/doi/pdf/10.1190/1.1440921},
  file = {:1979-Deconvolution with the L1 norm.pdf:PDF},
  url = {http://library.seg.org/doi/abs/10.1190/1.1440921}
}

@ARTICLE{Theis2003,
  author = {F. J. Theis and A. Jung and C. G. Puntonet and E. W. Lang},
  title = {Linear geometric {ICA}: Fundamentals and algorithms},
  journal = {Neural Computation},
  year = {2003},
  volume = {15},
  pages = {419-439},
  owner = {Kenji},
  timestamp = {2015.03.11}
}

@ARTICLE{Theis2004,
  author = {F. J. Theis},
  title = {A geometric algorithm for overcomplete linear {ICA}},
  journal = {Neurocomputing},
  year = {2004},
  volume = {56},
  pages = {381-398},
  file = {:2004-A Geometric Algorithm for Overcomplete Linear ICA.pdf:PDF}
}

@ARTICLE{Thiagarajan2012,
  author = {J. J. Thiagarajan and K. N. Ramamurthy and A. Spanias},
  title = {Mixing matrix estimation using discriminative clustering for blind
	source separation},
  journal = {Digital Signal Processing},
  year = {2012},
  volume = {23},
  pages = {9-18},
  file = {:2012-Mixing matrix estimation using discriminative clustering for BSS.pdf:PDF},
  owner = {Kenji},
  timestamp = {2014.05.28}
}

@ARTICLE{Thomas2006,
  author = {J. Thomas and Y. Deville and S. Hosseini},
  title = {Time-domai fast fixed-point algorithms for convolutive {ICA}},
  journal = {IEEE Signal Processing Letters},
  year = {2006},
  volume = {13},
  pages = {228-231},
  file = {:2006-Time-domain fast fixed-point algorithms for convolutive ICA.pdf:PDF},
  owner = {Kenji},
  timestamp = {2014.11.05}
}

@ARTICLE{Tibshirani1996,
  author = {R. Tibshirani},
  title = {Regression shrinkage and selection via the {LASSO}},
  journal = {Journal of the Royal Statistical Society},
  year = {1996},
  volume = {58},
  pages = {267-288},
  owner = {Kenji},
  timestamp = {2015.03.11}
}

@ARTICLE{trad2003latest,
  author = {Trad, Daniel and Ulrych, Tadeusz and Sacchi, Mauricio},
  title = {Latest views of the sparse radon transform},
  journal = {Geophysics},
  year = {2003},
  volume = {68},
  pages = {386-399},
  number = {1},
  publisher = {Society of Exploration Geophysicists}
}

@Article{Treichler1979,
  author =  {J. Treichler},
  title =   {Transient and convergent behavior of the adaptive line enhancer},
  journal = {IEEE Transactions on Acoustic, Speech, and Signal Processing},
  year =    {1979},
  volume =  {ASSP-27},
  number =  {1},
  pages =   {53-62}
}

@ARTICLE{Treitel1977,
  author = {S. Treitel and E. A. Robinson},
  title = {Deconvolution - homomorphic or predictive},
  journal = {IEEE Transactions on Geoscience Electornicas},
  year = {1977},
  volume = {GE-15},
  pages = {11-13},
  file = {:1977-Deconvolution homomorphic or predictive.pdf:PDF},
  owner = {Kenji},
  timestamp = {2013.10.21}
}

@ARTICLE{Tugnait1986,
  author = {J. K. Tugnait},
  title = {Identification of non-minimum phase linear stochastic systems},
  journal = {Automatica},
  year = {1986},
  volume = {22},
  pages = {457-464},
  file = {:1986-Identification of non-minimum phase linear stochastic systems.pdf:PDF},
  owner = {Kenji},
  timestamp = {2014.02.05}
}

@ARTICLE{Tugnait1987,
  author = {J. K. Tugnait},
  title = {Identification of linear stochastic systems via second- and fourth-order
	cumulant matching},
  journal = {IEEE Transactions on Information Theory},
  year = {1987},
  volume = {33},
  pages = {393-407},
  file = {:1987-Identification of linear stochastic systems via second- and fourth-order cumulant matching.pdf:PDF},
  owner = {Kenji},
  timestamp = {2013.10.22}
}

@ARTICLE{Tugnait1992,
  author = {J. K. Tugnait and O. Shalvi and E. Weisntein},
  title = {Comments on new criteria for blind deconvolution of nonminimum phase
	systems (channels)},
  journal = {IEEE Transactions on Information Theory},
  year = {1992},
  volume = {38},
  pages = {210 - 213},
  owner = {Kenji},
  timestamp = {2015.02.16}
}

@ARTICLE{Tugnait1995,
  author = {J. K. Tugnait},
  title = {Blind equalization and estimation of digital communication {FIR}
	channel using cumulant matching},
  journal = {IEEE Transactions on Communications},
  year = {1995},
  volume = {43},
  pages = {1240-1245},
  file = {:1995-Blind equalization and estimation of digital communication FIR chanbels using cumulant matching.pdf:PDF},
  owner = {Kenji},
  timestamp = {2014.02.05}
}

@ARTICLE{Ulrych1971,
  author = {Ulrych, T.},
  title = {Application of homomorphic deconvolution to seismology},
  journal = {Geophysics},
  year = {1971},
  volume = {36},
  pages = {650-660},
  number = {4},
  doi = {10.1190/1.1440202},
  eprint = {http://library.seg.org/doi/pdf/10.1190/1.1440202},
  file = {:1971-Application of homomorphic deconvolution to seismology.pdf:PDF},
  owner = {Kenji},
  timestamp = {2014.11.18},
  url = {http://library.seg.org/doi/abs/10.1190/1.1440202}
}

@ARTICLE{Ulrych1982,
  author = {Ulrych, T. and Walker, C.},
  title = {Analytic minimum entropy deconvolution},
  journal = {Geophysics},
  year = {1982},
  volume = {47},
  pages = {1295-1302},
  number = {9},
  doi = {10.1190/1.1441389},
  eprint = {http://library.seg.org/doi/pdf/10.1190/1.1441389},
  file = {:1982-Analytic minimum entropy deconvolution.pdf:PDF},
  url = {http://library.seg.org/doi/abs/10.1190/1.1441389}
}

@ARTICLE{Ulrych1995,
  author = {Ulrych, T. and Velis, D. and Sacchi, M.},
  title = {Wavelet estimation revisited},
  journal = {The Leading Edge},
  year = {1995},
  volume = {14},
  pages = {1139-1143},
  number = {11},
  doi = {10.1190/1.1437089},
  eprint = {http://library.seg.org/doi/pdf/10.1190/1.1437089},
  file = {:1995-Wavelet Estimation Revisited.pdf:PDF},
  url = {http://library.seg.org/doi/abs/10.1190/1.1437089}
}

@ARTICLE{Vaerenbergh2006,
  author = {S. Van Vaerenbergh and I. Santamar\'ia},
  title = {A spectral clustering approcah to underdetermined postnonlinear blind
	source separation of sparse sources},
  journal = {IEEE Transactions on Neural Networks},
  year = {2006},
  volume = {17},
  pages = {811-814},
  owner = {Kenji},
  timestamp = {2015.03.31}
}

@ARTICLE{Vaidyanathan1997,
  author = {P. P. Vaidyanathan and J. Tuqan and A. Kirac},
  title = {On the minimum phase property of prediction-error polymonials},
  journal = {IEEE Signal Processing Letters},
  year = {1997},
  volume = {4},
  pages = {126-127},
  file = {:1997-On the minimum phase property of prediction error polynomials.pdf:PDF},
  owner = {Kenji},
  timestamp = {2014.07.25}
}

@BOOK{Vaidyanathan2008,
  title = {The theory of linear prediction},
  publisher = {Morgan \& Claypool Publishers},
  year = {2008},
  author = {P. P. Vaidyanathan},
  owner = {Kenji},
  timestamp = {2014.07.25}
}

@CONFERENCE{vanHulle1999,
  author = {M. M. van Hulle},
  title = {Clustering approach to square and non-square blind source separation},
  booktitle = {Proceedings of the 1999 IEEE Workshop on Neural Networks for Signal
	Processing},
  year = {1999},
  pages = {315-323},
  file = {:1999-Clustering approach to square and non-square blind source separation.pdf:PDF},
  owner = {Kenji},
  timestamp = {2014.05.28}
}

@ARTICLE{Velis1996,
  author = {D. R. Velis and T. J. Ulrych},
  title = {Simulated annealing wavelet estimation via fourth-order cumulant
	matching},
  journal = {Geophysics},
  year = {1996},
  volume = {61},
  pages = {1939-1948},
  file = {:1996-Simulated annealing wavelet estimation via fourth-order cumulant matching.pdf:PDF},
  owner = {Kenji},
  timestamp = {2014.07.28}
}

@BOOK{Verschuur2006,
  title = {Seismic multiple removal techniques: past, present and future},
  publisher = {EAGE},
  year = {2006},
  author = {D. J. Verschuur},
  file = {:2006-Seismic multiple removal techniques past present and future.pdf:PDF},
  owner = {Kenji},
  timestamp = {2013.04.02}
}

@ARTICLE{Vrabie2004,
  author = {V. D. Vrabie and J. I. Mars and J.-L. Lacoume},
  title = {Modified singular value decomposition by means of independent component
	analysis},
  journal = {Signal Processing},
  year = {2004},
  volume = {84},
  pages = {645-652},
  owner = {Kenji},
  timestamp = {2015.04.01}
}

@ARTICLE{Walden1985,
  author = {A. T. Walden},
  title = {Non-{G}aussian reflectivity, entropy, and deconvolution},
  journal = {Geophysics},
  year = {1985},
  volume = {50},
  pages = {2862-2888},
  file = {:1985-Non-gaussian reflectivity entropy and deconvolution.pdf:PDF},
  owner = {Kenji},
  timestamp = {2013.10.21}
}

@ARTICLE{Wang1991,
  author = {C.-S. Wang and J. Tang},
  title = {The convergence of an {MED} iterative algorithm for the kurtosis
	norm},
  journal = {Inverse problems},
  year = {1991},
  volume = {7},
  pages = {139-148},
  owner = {Kenji},
  timestamp = {2014.10.21}
}

@Article{Weglein1999,
  author =  {A. B. Weglein},
  title =   {Multiple attenuation: An overview of recent advances and the road ahead},
  journal = {The Leading Edge},
  year =    {1999}
}

@ARTICLE{Wei2009,
  author = {L. Wei and Z. Huang and Q. Pei-wen},
  title = {Sparse deconvolution method for Improving the time-resolution of
	ultrasonic {NDE} signals},
  journal = {NDT\&E International},
  year = {2009},
  volume = {42},
  pages = {430-434},
  file = {:2009-Sparse deconvolution method for improving the time-resolution of ultrasonic NDE signals.pdf:PDF},
  owner = {Kenji},
  timestamp = {2013.10.21}
}

@CONFERENCE{Wei2009a,
  author = {G. Wei and L. Huaishan and Z. Jin},
  title = {{ICA} with homomorphic deconvolution based seismic blind deconvolution},
  booktitle = {Proceedings of the 2009 International Forum on Computer Science-Technology
	and Applications},
  year = {2009},
  file = {:2009-ICA with homomorphic deconvolution based seismic blind deconvolution.pdf:PDF},
  owner = {Kenji},
  timestamp = {2014.07.08}
}

@BOOK{Wiener1949,
  title = {Extrapolation, interpolation, and smoothing of stationary time series},
  publisher = {Wiley},
  year = {1949},
  author = {N. Wiener},
  address = {New York},
  owner = {Kenji},
  timestamp = {2014.07.25}
}

@ARTICLE{Wiggins1978,
  author = {R. A. Wiggins},
  title = {Minimum entropy deconvolution},
  journal = {Geoexploration},
  year = {1978},
  volume = {16},
  pages = {21 - 35},
  number = {1,2},
  doi = {10.1016/0016-7142(78)90005-4},
  file = {:1978-Minimun Entropy Deconvolution.pdf:PDF},
  issn = {0016-7142},
  url = {http://www.sciencedirect.com/science/article/pii/0016714278900054}
}

@PHDTHESIS{Wu1999,
  author = {H. C. Wu},
  title = {Blind source separation using information measures in the time and
	frequency domains},
  school = {University of Florida},
  year = {1990},
  owner = {Kenji},
  timestamp = {2014.02.25}
}

@ARTICLE{Xu1995,
  author = {G. Xu and H. Liu and L. Tong and T. Kailath},
  title = {A least-squares approach to blind channel identification},
  journal = {IEEE Transactions on Signal Processing},
  year = {1995},
  volume = {43},
  pages = {2982-2993},
  owner = {Kenji},
  timestamp = {2015.01.21}
}

@INCOLLECTION{Yanan2012,
  author = {Yanan, T. and Yue, L. and Bo, W. and Yanping, L. and Tie, Z.},
  title = {A novel convolutive {ICA} for seismic data denoising},
  booktitle = {Recent Advances in Computer Science and Information Engineering},
  publisher = {Springer Berlin Heidelberg},
  year = {2012},
  editor = {Qian, Zhihong and Cao, Lei and Su, Weilian and Wang, Tingkai and
	Yang, Huamin},
  volume = {128},
  series = {Lecture Notes in Electrical Engineering},
  pages = {95-101},
  doi = {10.1007/978-3-642-25792-6_15},
  file = {:2012-A novel convolutive ICA for seismic data denoising.pdf:PDF},
  isbn = {978-3-642-25791-9},
  keywords = {Convolutive mixtures; Seismic data denoising; Independent Component
	Analysis},
  language = {English},
  url = {http://dx.doi.org/10.1007/978-3-642-25792-6_15}
}

@ARTICLE{Yedlin1987,
  author = {M. Yedlin and I. F. Jones, and B. B. Narod},
  title = {Application of the {K}arhunen-{L}o\'{e}ve transform to diffraction
	separation,},
  journal = {IEEE Transactions on Acoustics, Speech and Signal Processing},
  year = {1987},
  volume = {35},
  pages = {2-8},
  owner = {Kenji},
  timestamp = {2015.04.08}
}

@BOOK{Yilmaz2001a,
  title = {Seismic data analysis: processing, inversion and interpretation of
	seismic data},
  publisher = {SEG Books},
  year = {2001},
  author = {O. Yilmaz},
  volume = {1},
  owner = {Kenji},
  timestamp = {2013.04.02}
}

@ARTICLE{Yilmaz2004,
  author = {Yilmaz, O. and Rickard, Scott},
  title = {Blind separation of speech mixtures via time-frequency masking},
  journal = {IEEE Transactions on Signal Processing},
  year = {2004},
  volume = {52},
  pages = {1830-1847},
  number = {7},
  doi = {10.1109/TSP.2004.828896},
  file = {:2004-Blind Separation of Speech Mixtures via Time-FReqeuncy Masking.pdf:PDF},
  issn = {1053-587X},
  keywords = {blind source separation;maximum likelihood estimation;speech processing;time-frequency
	analysis;W-disjoint orthogonality;blind separation;demixing;maximum
	likelihood mixing parameter estimators;power weighted two-dimensional
	histogram;speech mixtures;speech signals;time-frequency masking;time-frequency
	representations;Attenuation;Delay estimation;Fourier transforms;Histograms;Lattices;Maximum
	likelihood estimation;Parameter estimation;Speech coding;Time frequency
	analysis;Two dimensional displays},
  owner = {Kenji},
  timestamp = {2014.11.18}
}

@ARTICLE{Zhang2009,
  author = {K. Zhang and L. Chan},
  title = {Separating convolutive mixtures by pairwise mutual information minimization},
  journal = {IEEE Signal Processing Letters},
  year = {2007},
  volume = {14},
  pages = {992-995},
  file = {:2007-Separating convolutive mixtures by pairwise mutual information minimization.pdf:PDF},
  owner = {Kenji},
  timestamp = {2014.11.05}
}

@TECHREPORT{Zhang2011,
  author = {Y. Zhang and J. Claerbout},
  title = {A new bidirectional deconvolution method that overcomes the minimum
	phase assumption},
  institution = {SEP-142},
  year = {2011},
  file = {:2011-A new bidirectional deconvolution.pdf:PDF},
  owner = {Kenji},
  timestamp = {2013.04.01}
}

@ARTICLE{Zhang2011a,
  author = {B. Zhang and J.-H. Gao},
  title = {Blind deconvolution of seismic data using f-divergences},
  journal = {Entropy},
  year = {2011},
  volume = {13},
  pages = {1730-1745},
  file = {:2011-Blind deconvolution of seismic data using f-divergences.pdf:PDF},
  owner = {Kenji},
  timestamp = {2014.07.08}
}

@CONFERENCE{Zhou2011,
  author = {T. Zhou and D. Tao},
  title = {{GoDec: R}andomized low-rank \& sparse matrix decomposition in noisy
	case},
  booktitle = {Proceedings of the 2011 ICML},
  year = {2011},
  owner = {Kenji},
  timestamp = {2015.04.08}
}

@CONFERENCE{Zibulevsky2002,
  author = {M. Zibulevsky and P. Kisilev and Y. Y. Zeevi. and A. Pearlmutter},
  title = {Blind source separation via multinode sparse representation},
  booktitle = {Proceedings of the 2002 Advances in Neural Information Processing
	Systems},
  year = {2002},
  volume = {12, MIT Press},
  file = {:2002-Blind source separation via multinode sparse representation.pdf:PDF},
  owner = {Kenji},
  timestamp = {2014.05.28}
}

